2678 4800
294 367 331 433 P.
357 365 596 436 VALENHAE
621 367 896 438 ACADEMICA.
1083 371 1130 455 [13

66 485 205 575 plicaturi
228 506 308 575 ergo
337 485 522 551 Stoicorum
544 487 587 553 de
608 488 749 554 veritatis
772 484 895 568 judicio
917 491 1129 573 sententiam,
1207 515 1212 523 ¹

64 592 144 656 illinc
166 588 339 656 exordium
365 589 563 656 sumendum
591 591 753 658 ducimus.
782 593 922 658 Animus
948 593 1130 661 secundum

63 699 182 764 Stoicos
194 719 333 786 corpore
343 719 411 761 nco
422 713 509 762 caret
521 721 529 762 z
543 720 605 763 nec
619 700 708 763 enim
722 699 783 787 ipsi
796 697 976 787 quidquam
985 702 1133 790 corporis

63 804 214 894 expersin
226 824 339 869 rerum
349 819 464 868 nutura
471 803 696 870 essecredunt.
704 803 872 869 Deliniunt
880 821 991 869 autom
998 806 1131 894 eum(1)

61 928 154 991 nupt
163 921 268 991 θερμὸν,
282 909 317 973 id
333 925 399 992 est,
414 909 555 974 colidwn
565 912 724 999 spiritum,
741 911 827 992 sire,
843 926 882 974 ut
899 910 1050 1000 princeps
1062 912 1133 1000 ipse

62 1015 260 1106 Chrysippus
288 1014 376 1104 opud
399 1014 558 1080 Galenum
579 1017 626 1105 (s)
647 1017 714 1100 uit,
736 1018 901 1082 «Animus
926 1032 976 1081 est
1000 1018 1134 1106 spiritus

62 1122 152 1186 nobis
170 1120 338 1210 ingenitus
352 1136 459 1185 totum
475 1143 595 1209 corpus
610 1121 811 1210 pervadens,
827 1122 883 1210 qui
896 1120 1021 1186 tamdiu
1036 1136 1085 1187 est
1098 1123 1133 1186 in

61 1249 199 1317 corpore
216 1224 377 1315 quamdiu
389 1226 470 1291 illud
485 1227 586 1290 animi
608 1228 834 1292 structioribus
855 1228 964 1316 agitur
990 1250 1028 1292 ac
1047 1228 1133 1317 rogi·

62 1349 113 1396 tur
132 1360 156 1396 s.
172 1332 218 1397 Et
240 1330 330 1421 spud
348 1333 512 1397 Stobeum
531 1331 578 1422 (3)
597 1332 638 1398 de
659 1333 777 1398 Stoicis
798 1357 807 1398 t
831 1359 845 1391 s
864 1333 1020 1421 Spiritum
1045 1335 1132 1398 enim

60 1436 201 1502 calidum
225 1436 322 1500 nohis
344 1437 554 1526 ingenitum,
579 1438 726 1502 animum
744 1453 861 1526 putant
875 1468 899 1504 ι.
923 1438 1032 1502 Partes
1055 1458 1135 1503 vero

60 1543 160 1607 animi
173 1559 251 1608 octo
263 1559 452 1625 numemnt,
467 1545 534 1625 uti,
552 1545 661 1608 statim
675 1559 749 1633 post
762 1545 849 1608 illam
866 1543 1136 1632 desciptionem,

60 1673 160 1738 quum
177 1673 216 1714 ex
238 1649 352 1714 Galesi
375 1650 458 1714 libro
482 1652 728 1740 exscripsimus,
756 1652 959 1740 Chrysippus
977 1651 1136 1741 explicat,

59 1755 117 1820 sed
135 1756 319 1844 planissime
336 1756 548 1839 Plutarchus,
573 1754 615 1821 de
639 1752 768 1822 Placitis
783 1757 1057 1846 Philosophorum
1075 1755 1134 1843 (4).

60 1892 72 1915 ι
88 1862 189 1926 Stoici
204 1862 216 1948 (
230 1860 362 1949 inquit)
379 1861 628 1949 Hegemons'con,
638 1862 670 1927 id
683 1880 747 1944 est,
760 1864 964 1945 Ductricem,
974 1884 1033 1927 seu
1045 1864 1135 1950 prin·

59 1967 166 2055 cipem
181 1983 323 2056 partem,
336 1989 499 2032 summam
514 1966 668 2032 inanimo
683 1990 753 2034 esse
763 1968 894 2051 dicunt,
909 1992 984 2057 quse
992 1984 1025 2034 et
1033 1969 1135 2056 phan-

60 2074 231 2156 tusiarum,
246 2089 279 2137 et
293 2074 536 2155 ostensionum,
549 2088 582 2137 et
599 2091 879 2161 sensuum,utque
896 2074 1132 2162 appetitionum

58 2179 207 2244 effectrix
223 2179 286 2244 sit:
304 2179 372 2243 haec
388 2196 496 2244 sutem
513 2179 691 2266 Logisnrost
710 2178 745 2243 id
762 2194 827 2261 est,
843 2180 1058 2243 Ratiocinatio
1072 2180 1132 2242 illis

59 2282 191 2348 dicitur.
206 2283 258 2349 Ab
274 2286 496 2374 Hegemonico
511 2306 589 2349 vcro
600 2301 724 2373 septem
738 2284 839 2348 animi
855 2301 962 2372 portes
975 2304 1135 2347 emscun·

61 2408 118 2454 tur
135 2411 174 2454 sc
190 2388 390 2479 procedunt,
418 2405 452 2454 et
470 2413 529 2477 per
553 2408 673 2477 corpus
696 2388 867 2454 tendentes
892 2385 1134 2467 extenduntur,

61 2495 154 2560 velut
169 2495 244 2559 cirri
261 2517 301 2559 ex
318 2493 493 2583 polypode.
518 2496 641 2561 Harum
659 2511 769 2559 autem
791 2510 915 2583 septem
934 2493 1033 2556 animi
1058 2512 1132 2580 par-

62 2601 163 2682 tium,
179 2602 326 2688 quinque
335 2616 413 2664 sunt
426 2601 569 2665 sensoria
579 2601 663 2689 ipss,
676 2604 764 2665 vt'ssss
774 2642 783 2683 ,
795 2601 965 2680 odoratus,
981 2599 1132 2679 attolitur,

59 2722 192 2794 gratus,
206 2717 320 2771 tactus.
334 2707 383 2770 Ex
401 2707 519 2794 quibus
530 2709 617 2771 usius
627 2705 760 2793 quidem
777 2721 842 2786 cst,
859 2706 1002 2793 Spiritus
1010 2706 1136 2793 pertin·

64 2834 143 2900 geos
159 2812 202 2876 ub
220 2813 441 2900 Hegemonico
460 2811 501 2876 ad
518 2813 640 2878 oculos
660 2813 801 2877 Auditus
815 2830 893 2876 vero
908 2827 973 2892 est,
996 2810 1137 2899 Spiritus

64 2917 251 3006 pertingens
276 2918 317 2981 ab
340 2918 564 3008 Hegemonico
585 2917 752 3006 usquead
773 2938 876 2982 sures.
904 2917 1063 2984 Odoratus
1085 2930 1135 2982 est

64 3024 202 3111 Spiritus
216 3024 404 3113 pertingens
413 3023 455 3088 ab
464 3025 686 3112 Hegemonico
698 3023 740 3087 sd
757 3024 805 3112 (5)
817 3045 910 3087 nares
919 3071 928 3104 ,
938 3022 1135 3087 extenuandi

66 3130 131 3194 rim
146 3130 281 3196 habeus.
303 3129 421 3195 Gustus
434 3145 483 3194 est
500 3131 639 3218 Spiritus
656 3131 841 3219 pertingens
857 3129 898 3193 ab
913 3130 1135 3218 Hegemonico

67 3237 233 3325 usquead
253 3237 409 3325 linguam.
434 3236 548 3300 Tactus
563 3256 642 3301 vero
661 3253 712 3301 cst
737 3237 867 3325 spiritus
890 3236 1076 3324 pertingens
1091 3235 1134 3299 ub

68 3342 290 3431 llegemorsico
306 3341 348 3407 sd
360 3340 476 3428 [totius
490 3342 653 3430 corporis]
674 3343 922 3422 extremitatem,
936 3343 1003 3404 sive
1018 3360 1134 3428 super·

98 3564 137 3626 (ι)
155 3563 276 3611 Lucienus
288 3563 314 3610 in
326 3562 478 3612 Hermotimo
492 3596 499 3619 ‚
517 3574 541 3610 et
551 3561 674 3610 Plutarch.
684 3563 714 3610 de
723 3562 788 3626 pluc.
798 3562 863 3610 Phil.
875 3560 919 3609 lib.
930 3564 975 3621 tv,
987 3578 1041 3626 esp.
1057 3578 1078 3608 1.

100 3650 139 3714 (s)
156 3651 244 3700 Galen.
258 3651 289 3698 de
301 3651 386 3715 placit.
400 3650 521 3714 Hippocr.
534 3662 559 3698 et
573 3650 635 3699 Plst.
644 3650 688 3698 lib.
703 3653 754 3711 111,
769 3668 824 3714 cup.
837 3665 865 3710 1,
877 3665 933 3713 pag.
947 3665 994 3697 112
1005 3683 1011 3707 ‚
1023 3667 1045 3699 c.

100 3740 137 3804 (3)
155 3739 253 3802 Eclcgae
267 3738 343 3803 Phys.
355 3755 410 3803 cup.
421 3745 469 3796 to,
483 3753 540 3802 pag.
552 3738 597 3788 63.

100 3826 137 3890 (t)
155 3827 209 3876 Lib.
220 3830 264 3885 lv,
275 3843 332 3892 esp.
345 3843 367 3884 1.
383 3842 438 3890 prg.
450 3821 518 3890 903,
532 3826 585 3874 het
596 3844 621 3874 c.

102 3913 140 3977 (5)
158 3913 237 3982 Μέχρι
250 3911 373 3982 μυκτήρων
388 3918 516 3974 immissu,
535 3914 658 3977 Budteus,
676 3916 712 3963 ad
724 3916 823 3962 narium
830 3913 938 3977 sattces,
960 3929 991 3961 ex
1012 3929 1038 3961 re
1059 3915 1135 3980 magis

69 4017 140 4063 quam
153 4019 185 4050 ex
195 4003 279 4051 verbo.
296 4006 337 4051 Διι
355 4001 496 4067 legendum,
515 4004 599 4052 limis
614 4000 701 4070 ipssa,
711 4002 738 4050 id
751 4012 800 4061 est,
816 4001 864 4049 «ud
878 4013 974 4050 tenuem
988 4002 1051 4051 intes
1066 4020 1135 4055 utres

69 4090 201 4151 pelliculam
210 4116 236 4150 ι,
250 4109 293 4140 seu
306 4092 490 4160 membranam?
503 4093 567 4141 Vide
581 4093 669 4143 Gsleu.
681 4092 712 4140 de
725 4093 795 4142 odor.
807 4093 918 4141 instrum.
930 4096 1046 4142 Vsum.
