<?xml version="1.0" encoding="UTF-8"?>
<!DOCTYPE html PUBLIC "-//W3C//DTD XHTML 1.0 Transitional//EN"
    "http://www.w3.org/TR/xhtml1/DTD/xhtml1-transitional.dtd">
<html xmlns="http://www.w3.org/1999/xhtml" xml:lang="en" lang="en">
 <head>
  <title>
</title>
<meta http-equiv="Content-Type" content="text/html;charset=utf-8" />
  <meta name='ocr-system' content='tesseract 3.04.00' />
  <meta name='ocr-capabilities' content='ocr_page ocr_carea ocr_par ocr_line ocrx_word'/>
</head>
<body>
  <div class='ocr_page' id='page_1' title='image "bibliothecaclas50lemagoog_0047.png"; bbox 0 0 2678 4800; ppageno 0'>
   <div class='ocr_carea' id='block_1_1' title="bbox 215 372 907 445">
    <p class='ocr_par' dir='ltr' id='par_1_1' title="bbox 215 372 907 445">
     <span class='ocr_line' id='line_1_1' title="bbox 215 372 907 445; baseline -0.001 -4"><span class='ocrx_word' id='word_1_1' title='bbox 215 372 259 442; x_wconf 77' lang='lat'><strong>28</strong></span> <span class='ocrx_word' id='word_1_2' title='bbox 575 374 907 445; x_wconf 84' lang='lat' dir='ltr'><strong>INTRODUCTIO.</strong></span> 
     </span>
    </p>
   </div>
   <div class='ocr_carea' id='block_1_2' title="bbox 210 489 1286 2058">
    <p class='ocr_par' dir='ltr' id='par_1_2' title="bbox 210 489 1286 2058">
     <span class='ocr_line' id='line_1_2' title="bbox 256 489 1286 582; baseline -0.002 -23"><span class='ocrx_word' id='word_1_3' title='bbox 256 496 288 559; x_wconf 89' lang='lat'><strong>6.</strong></span> <span class='ocrx_word' id='word_1_4' title='bbox 305 493 521 582; x_wconf 86' lang='lat' dir='ltr'>Speusippus,</span> <span class='ocrx_word' id='word_1_5' title='bbox 537 494 594 581; x_wconf 91' lang='lat' dir='ltr'><strong>qui</strong></span> <span class='ocrx_word' id='word_1_6' title='bbox 612 511 687 582; x_wconf 89' lang='lat' dir='ltr'><strong>post</strong></span> <span class='ocrx_word' id='word_1_7' title='bbox 704 496 873 559; x_wconf 88' lang='lat' dir='ltr'><strong>Platonem</strong></span> <span class='ocrx_word' id='word_1_8' title='bbox 889 489 1094 555; x_wconf 82' lang='lat' dir='ltr'>Academiam</span> <span class='ocrx_word' id='word_1_9' title='bbox 1108 491 1233 566; x_wconf 84' lang='lat' dir='ltr'><strong>tenuit,</strong></span> <span class='ocrx_word' id='word_1_10' title='bbox 1250 507 1286 557; x_wconf 90' lang='lat' dir='ltr'><strong>et</strong></span> 
     </span>
     <span class='ocr_line' id='line_1_3' title="bbox 212 595 1284 686; baseline -0.005 -23"><span class='ocrx_word' id='word_1_11' title='bbox 212 601 421 675; x_wconf 83' lang='lat' dir='ltr'><strong>Xenocrates,</strong></span> <span class='ocrx_word' id='word_1_12' title='bbox 430 599 594 686; x_wconf 87' lang='lat' dir='ltr'><strong>ceterique</strong></span> <span class='ocrx_word' id='word_1_13' title='bbox 602 598 917 664; x_wconf 86' lang='lat' dir='ltr'><strong>veteresAcadcmici</strong></span> <span class='ocrx_word' id='word_1_14' title='bbox 928 619 1032 685; x_wconf 91' lang='lat' dir='ltr'><strong>usque</strong></span> <span class='ocrx_word' id='word_1_15' title='bbox 1042 595 1083 660; x_wconf 88' lang='lat' dir='ltr'><strong>ad</strong></span> <span class='ocrx_word' id='word_1_16' title='bbox 1093 596 1284 678; x_wconf 89' lang='lat' dir='ltr'><strong>Arcesilam,</strong></span> 
     </span>
     <span class='ocr_line' id='line_1_4' title="bbox 211 701 1284 794; baseline -0.002 -26"><span class='ocrx_word' id='word_1_17' title='bbox 211 728 326 794; x_wconf 91' lang='lat' dir='ltr'><strong>parum</strong></span> <span class='ocrx_word' id='word_1_18' title='bbox 349 728 368 768; x_wconf 96' lang='lat' dir='ltr'><strong>a</strong></span> <span class='ocrx_word' id='word_1_19' title='bbox 393 704 536 769; x_wconf 82' lang='lat' dir='ltr'>Platonis</span> <span class='ocrx_word' id='word_1_20' title='bbox 554 729 652 770; x_wconf 87' lang='lat' dir='ltr'><strong>sensu</strong></span> <span class='ocrx_word' id='word_1_21' title='bbox 670 704 850 787; x_wconf 89' lang='lat' dir='ltr'><strong>abludunt,</strong></span> <span class='ocrx_word' id='word_1_22' title='bbox 872 721 909 768; x_wconf 93' lang='lat' dir='ltr'><strong>ut</strong></span> <span class='ocrx_word' id='word_1_23' title='bbox 927 705 1072 792; x_wconf 90' lang='lat' dir='ltr'><strong>ipsorum</strong></span> <span class='ocrx_word' id='word_1_24' title='bbox 1089 701 1130 765; x_wconf 90' lang='lat' dir='ltr'><strong>de</strong></span> <span class='ocrx_word' id='word_1_25' title='bbox 1148 702 1284 766; x_wconf 89' lang='lat' dir='ltr'><strong>criterio</strong></span> 
     </span>
     <span class='ocr_line' id='line_1_5' title="bbox 210 807 1285 900; baseline -0.003 -26"><span class='ocrx_word' id='word_1_26' title='bbox 210 809 376 874; x_wconf 79' lang='lat' dir='ltr'><strong>sententiae</strong></span> <span class='ocrx_word' id='word_1_27' title='bbox 395 831 414 872; x_wconf 89' lang='lat' dir='ltr'><strong>a</strong></span> <span class='ocrx_word' id='word_1_28' title='bbox 431 810 529 874; x_wconf 83' lang='lat' dir='ltr'><strong>Sexto</strong></span> <span class='ocrx_word' id='word_1_29' title='bbox 549 809 596 898; x_wconf 90' lang='lat'><strong>(1)</strong></span> <span class='ocrx_word' id='word_1_30' title='bbox 617 811 800 900; x_wconf 82' lang='lat' dir='ltr'><strong>Pyrrhonio</strong></span> <span class='ocrx_word' id='word_1_31' title='bbox 824 810 930 874; x_wconf 81' lang='lat' dir='ltr'><strong>relatae</strong></span> <span class='ocrx_word' id='word_1_32' title='bbox 952 807 1139 872; x_wconf 89' lang='lat' dir='ltr'><strong>ostendunt.</strong></span> <span class='ocrx_word' id='word_1_33' title='bbox 1165 809 1285 871; x_wconf 83' lang='lat' dir='ltr'><strong>Cetera</strong></span> 
     </span>
     <span class='ocr_line' id='line_1_6' title="bbox 211 914 1284 1004; baseline -0.003 -24"><span class='ocrx_word' id='word_1_34' title='bbox 211 916 307 980; x_wconf 85' lang='lat' dir='ltr'><strong>etiam</strong></span> <span class='ocrx_word' id='word_1_35' title='bbox 317 915 459 978; x_wconf 79' lang='lat' dir='ltr'><strong>Platonis</strong></span> <span class='ocrx_word' id='word_1_36' title='bbox 470 916 667 1004; x_wconf 86' lang='lat' dir='ltr'><strong>antiquaque</strong></span> <span class='ocrx_word' id='word_1_37' title='bbox 677 917 802 981; x_wconf 87' lang='lat' dir='ltr'><strong>decreta</strong></span> <span class='ocrx_word' id='word_1_38' title='bbox 814 915 984 1004; x_wconf 80' lang='lat' dir='ltr'><strong>diligenter</strong></span> <span class='ocrx_word' id='word_1_39' title='bbox 993 914 1034 977; x_wconf 91' lang='lat' dir='ltr'><strong>ab</strong></span> <span class='ocrx_word' id='word_1_40' title='bbox 1044 914 1081 977; x_wconf 88' lang='lat' dir='ltr'><strong>iis</strong></span> <span class='ocrx_word' id='word_1_41' title='bbox 1094 928 1284 977; x_wconf 85' lang='lat' dir='ltr'><strong>conservata</strong></span> 
     </span>
     <span class='ocr_line' id='line_1_7' title="bbox 211 1018 1285 1109; baseline -0.002 -26"><span class='ocrx_word' id='word_1_42' title='bbox 211 1035 309 1107; x_wconf 87' lang='lat' dir='ltr'><strong>atque</strong></span> <span class='ocrx_word' id='word_1_43' title='bbox 326 1019 472 1101; x_wconf 88' lang='lat' dir='ltr'><strong>defensa,</strong></span> <span class='ocrx_word' id='word_1_44' title='bbox 488 1020 574 1108; x_wconf 88' lang='lat' dir='ltr'><strong>apud</strong></span> <span class='ocrx_word' id='word_1_45' title='bbox 594 1022 785 1085; x_wconf 87' lang='lat' dir='ltr'><strong>Ciceronem</strong></span> <span class='ocrx_word' id='word_1_46' title='bbox 796 1020 844 1109; x_wconf 85' lang='lat' dir='ltr'><strong>(a)</strong></span> <span class='ocrx_word' id='word_1_47' title='bbox 859 1021 1017 1106; x_wconf 90' lang='lat' dir='ltr'><strong>scriptum</strong></span> <span class='ocrx_word' id='word_1_48' title='bbox 1032 1033 1094 1100; x_wconf 91' lang='lat' dir='ltr'><strong>est,</strong></span> <span class='ocrx_word' id='word_1_49' title='bbox 1111 1040 1151 1081; x_wconf 89' lang='lat' dir='ltr'><strong>ex</strong></span> <span class='ocrx_word' id='word_1_50' title='bbox 1163 1018 1285 1082; x_wconf 91' lang='lat' dir='ltr'><strong>Antio·</strong></span> 
     </span>
     <span class='ocr_line' id='line_1_8' title="bbox 211 1123 1284 1215; baseline -0.001 -27"><span class='ocrx_word' id='word_1_51' title='bbox 211 1124 281 1206; x_wconf 89' lang='lat' dir='ltr'><strong>chi,</strong></span> <span class='ocrx_word' id='word_1_52' title='bbox 294 1125 385 1204; x_wconf 86' lang='lat' dir='ltr'><strong>cujus</strong></span> <span class='ocrx_word' id='word_1_53' title='bbox 397 1125 441 1188; x_wconf 91' lang='lat' dir='ltr'><strong>ibi</strong></span> <span class='ocrx_word' id='word_1_54' title='bbox 453 1142 558 1213; x_wconf 88' lang='lat' dir='ltr'><strong>partes</strong></span> <span class='ocrx_word' id='word_1_55' title='bbox 568 1127 670 1190; x_wconf 91' lang='lat' dir='ltr'><strong>Varro</strong></span> <span class='ocrx_word' id='word_1_56' title='bbox 683 1129 766 1215; x_wconf 87' lang='lat' dir='ltr'><strong>agit,</strong></span> <span class='ocrx_word' id='word_1_57' title='bbox 779 1125 947 1190; x_wconf 87' lang='lat' dir='ltr'><strong>sententia.</strong></span> <span class='ocrx_word' id='word_1_58' title='bbox 961 1127 1083 1189; x_wconf 84' lang='lat' dir='ltr'><strong>Tamen</strong></span> <span class='ocrx_word' id='word_1_59' title='bbox 1096 1123 1284 1187; x_wconf 86' lang='lat' dir='ltr'><strong>Numenius</strong></span> 
     </span>
     <span class='ocr_line' id='line_1_9' title="bbox 211 1229 1283 1320; baseline -0.003 -27"><span class='ocrx_word' id='word_1_60' title='bbox 211 1230 445 1318; x_wconf 84' lang='lat' dir='ltr'><strong>Pythagoricus</strong></span> <span class='ocrx_word' id='word_1_61' title='bbox 456 1231 501 1318; x_wconf 81' lang='lat'><strong>(3)</strong></span> <span class='ocrx_word' id='word_1_62' title='bbox 518 1231 664 1295; x_wconf 88' lang='lat' dir='ltr'><strong>eamdem</strong></span> <span class='ocrx_word' id='word_1_63' title='bbox 674 1233 741 1296; x_wconf 84' lang='lat' dir='ltr'><strong>lere</strong></span> <span class='ocrx_word' id='word_1_64' title='bbox 750 1231 939 1320; x_wconf 88' lang='lat' dir='ltr'><strong>dogmatum</strong></span> <span class='ocrx_word' id='word_1_65' title='bbox 950 1229 1093 1293; x_wconf 90' lang='lat' dir='ltr'><strong>indolem</strong></span> <span class='ocrx_word' id='word_1_66' title='bbox 1105 1251 1140 1292; x_wconf 90' lang='lat' dir='ltr'><strong>ea</strong></span> <span class='ocrx_word' id='word_1_67' title='bbox 1152 1243 1283 1291; x_wconf 90' lang='lat' dir='ltr'><strong>tantum</strong></span> 
     </span>
     <span class='ocr_line' id='line_1_10' title="bbox 211 1332 1283 1426; baseline -0.002 -28"><span class='ocrx_word' id='word_1_68' title='bbox 211 1336 336 1399; x_wconf 87' lang='lat' dir='ltr'><strong>ratione</strong></span> <span class='ocrx_word' id='word_1_69' title='bbox 368 1334 455 1424; x_wconf 91' lang='lat' dir='ltr'><strong>apud</strong></span> <span class='ocrx_word' id='word_1_70' title='bbox 485 1360 539 1401; x_wconf 88' lang='lat' dir='ltr'><strong>eos</strong></span> <span class='ocrx_word' id='word_1_71' title='bbox 570 1338 783 1426; x_wconf 87' lang='lat' dir='ltr'><strong>permansisse</strong></span> <span class='ocrx_word' id='word_1_72' title='bbox 809 1336 982 1417; x_wconf 88' lang='lat' dir='ltr'><strong>concedit,</strong></span> <span class='ocrx_word' id='word_1_73' title='bbox 1011 1334 1101 1422; x_wconf 92' lang='lat' dir='ltr'><strong>quod</strong></span> <span class='ocrx_word' id='word_1_74' title='bbox 1131 1332 1283 1397; x_wconf 90' lang='lat' dir='ltr'><strong>nondum</strong></span> 
     </span>
     <span class='ocr_line' id='line_1_11' title="bbox 212 1438 1285 1531; baseline -0.001 -27"><span class='ocrx_word' id='word_1_75' title='bbox 212 1441 345 1504; x_wconf 89' lang='lat' dir='ltr'><strong>celebris</strong></span> <span class='ocrx_word' id='word_1_76' title='bbox 357 1440 409 1505; x_wconf 88' lang='lat' dir='ltr'><strong>illa</strong></span> <span class='ocrx_word' id='word_1_77' title='bbox 418 1442 546 1529; x_wconf 77' lang='lat' dir='ltr'><strong>epoche,</strong></span> <span class='ocrx_word' id='word_1_78' title='bbox 559 1441 784 1531; x_wconf 89' lang='lat' dir='ltr'><strong>ejusmodique</strong></span> <span class='ocrx_word' id='word_1_79' title='bbox 793 1441 992 1506; x_wconf 88' lang='lat' dir='ltr'><strong>aliainducta</strong></span> <span class='ocrx_word' id='word_1_80' title='bbox 1005 1456 1122 1504; x_wconf 90' lang='lat' dir='ltr'><strong>essent.</strong></span> <span class='ocrx_word' id='word_1_81' title='bbox 1132 1438 1285 1526; x_wconf 87' lang='lat' dir='ltr'><strong>Namque</strong></span> 
     </span>
     <span class='ocr_line' id='line_1_12' title="bbox 212 1543 1284 1636; baseline -0.001 -28"><span class='ocrx_word' id='word_1_82' title='bbox 212 1544 303 1632; x_wconf 88' lang='lat' dir='ltr'><strong>quod</strong></span> <span class='ocrx_word' id='word_1_83' title='bbox 320 1545 361 1609; x_wconf 88' lang='lat' dir='ltr'><strong>ad</strong></span> <span class='ocrx_word' id='word_1_84' title='bbox 379 1547 501 1635; x_wconf 91' lang='lat' dir='ltr'><strong>reliqua</strong></span> <span class='ocrx_word' id='word_1_85' title='bbox 519 1546 662 1611; x_wconf 87' lang='lat' dir='ltr'><strong>Platonis</strong></span> <span class='ocrx_word' id='word_1_86' title='bbox 678 1548 807 1636; x_wconf 85' lang='lat' dir='ltr'><strong>placita,</strong></span> <span class='ocrx_word' id='word_1_87' title='bbox 825 1548 905 1611; x_wconf 89' lang='lat' dir='ltr'><strong>alios</strong></span> <span class='ocrx_word' id='word_1_88' title='bbox 920 1543 1053 1633; x_wconf 92' lang='lat' dir='ltr'><strong>quidem</strong></span> <span class='ocrx_word' id='word_1_89' title='bbox 1073 1544 1184 1625; x_wconf 89' lang='lat' dir='ltr'><strong>citius,</strong></span> <span class='ocrx_word' id='word_1_90' title='bbox 1202 1544 1284 1608; x_wconf 91' lang='lat' dir='ltr'><strong>alios</strong></span> 
     </span>
     <span class='ocr_line' id='line_1_13' title="bbox 212 1649 1285 1740; baseline -0.001 -27"><span class='ocrx_word' id='word_1_91' title='bbox 212 1652 391 1737; x_wconf 84' lang='lat' dir='ltr'><strong>posterius,</strong></span> <span class='ocrx_word' id='word_1_92' title='bbox 407 1653 448 1716; x_wconf 90' lang='lat' dir='ltr'><strong>ab</strong></span> <span class='ocrx_word' id='word_1_93' title='bbox 467 1674 507 1716; x_wconf 91' lang='lat' dir='ltr'><strong>eo</strong></span> <span class='ocrx_word' id='word_1_94' title='bbox 525 1652 727 1734; x_wconf 89' lang='lat' dir='ltr'><strong>discessisse,</strong></span> <span class='ocrx_word' id='word_1_95' title='bbox 749 1653 926 1740; x_wconf 88' lang='lat' dir='ltr'><strong>multisque</strong></span> <span class='ocrx_word' id='word_1_96' title='bbox 946 1649 1051 1715; x_wconf 89' lang='lat' dir='ltr'><strong>modis</strong></span> <span class='ocrx_word' id='word_1_97' title='bbox 1068 1650 1195 1714; x_wconf 87' lang='lat' dir='ltr'><strong>decreta</strong></span> <span class='ocrx_word' id='word_1_98' title='bbox 1212 1650 1285 1737; x_wconf 86' lang='lat' dir='ltr'><strong>ipsa</strong></span> 
     </span>
     <span class='ocr_line' id='line_1_14' title="bbox 213 1755 1286 1841; baseline 0 -22"><span class='ocrx_word' id='word_1_99' title='bbox 213 1778 382 1822; x_wconf 88' lang='lat' dir='ltr'><strong>enervasse</strong></span> <span class='ocrx_word' id='word_1_100' title='bbox 404 1774 437 1822; x_wconf 91' lang='lat' dir='ltr'><strong>et</strong></span> <span class='ocrx_word' id='word_1_101' title='bbox 457 1759 625 1823; x_wconf 85' lang='lat' dir='ltr'><strong>invertisse</strong></span> <span class='ocrx_word' id='word_1_102' title='bbox 648 1758 801 1841; x_wconf 89' lang='lat' dir='ltr'><strong>affirmat,</strong></span> <span class='ocrx_word' id='word_1_103' title='bbox 828 1775 860 1823; x_wconf 90' lang='lat' dir='ltr'><strong>et</strong></span> <span class='ocrx_word' id='word_1_104' title='bbox 883 1757 993 1822; x_wconf 91' lang='lat' dir='ltr'><strong>dolere</strong></span> <span class='ocrx_word' id='word_1_105' title='bbox 1015 1778 1049 1821; x_wconf 89' lang='lat' dir='ltr'><strong>se</strong></span> <span class='ocrx_word' id='word_1_106' title='bbox 1071 1755 1106 1819; x_wconf 91' lang='lat' dir='ltr'><strong>id</strong></span> <span class='ocrx_word' id='word_1_107' title='bbox 1127 1756 1189 1837; x_wconf 87' lang='lat' dir='ltr'><strong>ait;</strong></span> <span class='ocrx_word' id='word_1_108' title='bbox 1217 1755 1286 1820; x_wconf 88' lang='lat' dir='ltr'><strong>sive</strong></span> 
     </span>
     <span class='ocr_line' id='line_1_15' title="bbox 214 1861 1285 1952; baseline -0.001 -28"><span class='ocrx_word' id='word_1_109' title='bbox 214 1864 365 1926; x_wconf 89' lang='lat' dir='ltr'><strong>consulto</strong></span> <span class='ocrx_word' id='word_1_110' title='bbox 378 1863 460 1944; x_wconf 93' lang='lat' dir='ltr'><strong>hoc,</strong></span> <span class='ocrx_word' id='word_1_111' title='bbox 476 1863 542 1927; x_wconf 88' lang='lat' dir='ltr'><strong>sive</strong></span> <span class='ocrx_word' id='word_1_112' title='bbox 554 1886 612 1951; x_wconf 90' lang='lat' dir='ltr'><strong>per</strong></span> <span class='ocrx_word' id='word_1_113' title='bbox 625 1863 895 1952; x_wconf 89' lang='lat' dir='ltr'><strong>imprudentiam,</strong></span> <span class='ocrx_word' id='word_1_114' title='bbox 911 1878 969 1928; x_wconf 91' lang='lat' dir='ltr'><strong>aut</strong></span> <span class='ocrx_word' id='word_1_115' title='bbox 981 1862 1054 1945; x_wconf 90' lang='lat' dir='ltr'><strong>alia,</strong></span> <span class='ocrx_word' id='word_1_116' title='bbox 1070 1861 1196 1925; x_wconf 91' lang='lat' dir='ltr'><strong>utinam</strong></span> <span class='ocrx_word' id='word_1_117' title='bbox 1214 1882 1285 1924; x_wconf 93' lang='lat' dir='ltr'><strong>non</strong></span> 
     </span>
     <span class='ocr_line' id='line_1_16' title="bbox 214 1967 980 2058; baseline 0.005 -29"><span class='ocrx_word' id='word_1_118' title='bbox 214 1967 401 2050; x_wconf 88' lang='lat' dir='ltr'><strong>ambitiosa,</strong></span> <span class='ocrx_word' id='word_1_119' title='bbox 418 1991 512 2033; x_wconf 87' lang='lat' dir='ltr'><strong>causa</strong></span> <span class='ocrx_word' id='word_1_120' title='bbox 529 1970 569 2033; x_wconf 88' lang='lat' dir='ltr'><strong>ab</strong></span> <span class='ocrx_word' id='word_1_121' title='bbox 586 1970 662 2058; x_wconf 92' lang='lat' dir='ltr'><strong>ipsis</strong></span> <span class='ocrx_word' id='word_1_122' title='bbox 678 1970 777 2034; x_wconf 81' lang='lat' dir='ltr'><strong>luerit</strong></span> <span class='ocrx_word' id='word_1_123' title='bbox 792 1969 980 2034; x_wconf 91' lang='lat' dir='ltr'><strong>admissum.</strong></span> 
     </span>
    </p>
   </div>
   <div class='ocr_carea' id='block_1_3' title="bbox 391 2135 1104 2218">
    <p class='ocr_par' dir='ltr' id='par_1_3' title="bbox 391 2135 1104 2218">
     <span class='ocr_line' id='line_1_17' title="bbox 391 2135 1104 2218; baseline -0.004 -18"><span class='ocrx_word' id='word_1_124' title='bbox 391 2135 469 2217; x_wconf 77' lang='lat' dir='ltr'><strong>§lt</strong></span> <span class='ocrx_word' id='word_1_125' title='bbox 494 2135 542 2199; x_wconf 83' lang='lat' dir='ltr'><strong>Dc</strong></span> <span class='ocrx_word' id='word_1_126' title='bbox 557 2135 725 2218; x_wconf 80' lang='lat' dir='ltr'><strong>Arcesila,</strong></span> <span class='ocrx_word' id='word_1_127' title='bbox 746 2150 777 2199; x_wconf 83' lang='lat' dir='ltr'><strong>ct</strong></span> <span class='ocrx_word' id='word_1_128' title='bbox 797 2135 901 2199; x_wconf 86' lang='lat' dir='ltr'><strong>media</strong></span> <span class='ocrx_word' id='word_1_129' title='bbox 918 2135 1104 2198; x_wconf 83' lang='lat' dir='ltr'><strong>Academia.</strong></span> 
     </span>
    </p>
   </div>
   <div class='ocr_carea' id='block_1_4' title="bbox 215 2295 1289 3655">
    <p class='ocr_par' dir='ltr' id='par_1_4' title="bbox 215 2295 1289 3655">
     <span class='ocr_line' id='line_1_18' title="bbox 259 2295 1285 2385; baseline -0.001 -26"><span class='ocrx_word' id='word_1_130' title='bbox 259 2318 290 2382; x_wconf 87' lang='lat'><strong>7.</strong></span> <span class='ocrx_word' id='word_1_131' title='bbox 306 2297 352 2359; x_wconf 89' lang='lat' dir='ltr'><strong>At</strong></span> <span class='ocrx_word' id='word_1_132' title='bbox 365 2318 443 2360; x_wconf 89' lang='lat' dir='ltr'><strong>vero</strong></span> <span class='ocrx_word' id='word_1_133' title='bbox 456 2295 612 2360; x_wconf 87' lang='lat' dir='ltr'><strong>Arcesilas</strong></span> <span class='ocrx_word' id='word_1_134' title='bbox 628 2296 669 2358; x_wconf 90' lang='lat' dir='ltr'><strong>ab</strong></span> <span class='ocrx_word' id='word_1_135' title='bbox 685 2296 816 2377; x_wconf 88' lang='lat' dir='ltr'><strong>Stoicis,</strong></span> <span class='ocrx_word' id='word_1_136' title='bbox 833 2295 1098 2385; x_wconf 89' lang='lat' dir='ltr'><strong>philosophisque</strong></span> <span class='ocrx_word' id='word_1_137' title='bbox 1111 2295 1285 2377; x_wconf 89' lang='lat' dir='ltr'><strong>omnihus,</strong></span> 
     </span>
     <span class='ocr_line' id='line_1_19' title="bbox 215 2400 1286 2490; baseline -0.004 -24"><span class='ocrx_word' id='word_1_138' title='bbox 215 2404 271 2490; x_wconf 91' lang='lat' dir='ltr'><strong>qui</strong></span> <span class='ocrx_word' id='word_1_139' title='bbox 281 2401 463 2467; x_wconf 89' lang='lat' dir='ltr'><strong>Academici</strong></span> <span class='ocrx_word' id='word_1_140' title='bbox 472 2423 540 2464; x_wconf 91' lang='lat' dir='ltr'><strong>non</strong></span> <span class='ocrx_word' id='word_1_141' title='bbox 551 2401 627 2482; x_wconf 89' lang='lat' dir='ltr'><strong>sint,</strong></span> <span class='ocrx_word' id='word_1_142' title='bbox 637 2417 803 2488; x_wconf 89' lang='lat' dir='ltr'><strong>tamquam</strong></span> <span class='ocrx_word' id='word_1_143' title='bbox 813 2418 960 2484; x_wconf 90' lang='lat' dir='ltr'><strong>novator,</strong></span> <span class='ocrx_word' id='word_1_144' title='bbox 970 2402 1152 2488; x_wconf 89' lang='lat' dir='ltr'><strong>veterisque</strong></span> <span class='ocrx_word' id='word_1_145' title='bbox 1161 2400 1286 2480; x_wconf 90' lang='lat' dir='ltr'><strong>omnis,</strong></span> 
     </span>
     <span class='ocr_line' id='line_1_20' title="bbox 216 2504 1286 2596; baseline -0.002 -27"><span class='ocrx_word' id='word_1_146' title='bbox 216 2530 283 2569; x_wconf 88' lang='lat' dir='ltr'><strong>non</strong></span> <span class='ocrx_word' id='word_1_147' title='bbox 315 2505 487 2569; x_wconf 81' lang='lat' dir='ltr'><strong>Platonicae</strong></span> <span class='ocrx_word' id='word_1_148' title='bbox 521 2505 643 2587; x_wconf 89' lang='lat' dir='ltr'><strong>modo,</strong></span> <span class='ocrx_word' id='word_1_149' title='bbox 676 2505 850 2596; x_wconf 77' lang='lat' dir='ltr'><strong>disciplinas</strong></span> <span class='ocrx_word' id='word_1_150' title='bbox 885 2531 1013 2572; x_wconf 90' lang='lat' dir='ltr'><strong>eversor</strong></span> <span class='ocrx_word' id='word_1_151' title='bbox 1047 2504 1286 2570; x_wconf 86' lang='lat' dir='ltr'><strong>manifestarius</strong></span> 
     </span>
     <span class='ocr_line' id='line_1_21' title="bbox 215 2612 1285 2701; baseline 0.002 -28"><span class='ocrx_word' id='word_1_152' title='bbox 215 2627 414 2674; x_wconf 84' lang='lat' dir='ltr'><strong>accusatur:</strong></span> <span class='ocrx_word' id='word_1_153' title='bbox 442 2633 583 2699; x_wconf 89' lang='lat' dir='ltr'><strong>namque</strong></span> <span class='ocrx_word' id='word_1_154' title='bbox 611 2635 741 2700; x_wconf 78' lang='lat' dir='ltr'><strong>«quum</strong></span> <span class='ocrx_word' id='word_1_155' title='bbox 769 2614 835 2695; x_wconf 83' lang='lat' dir='ltr'><strong>jam</strong></span> <span class='ocrx_word' id='word_1_156' title='bbox 869 2614 940 2700; x_wconf 84' lang='lat' dir='ltr'><strong>(ait</strong></span> <span class='ocrx_word' id='word_1_157' title='bbox 971 2612 1058 2701; x_wconf 89' lang='lat' dir='ltr'><strong>apud</strong></span> <span class='ocrx_word' id='word_1_158' title='bbox 1091 2612 1285 2676; x_wconf 86' lang='lat' dir='ltr'><strong>Ciceronem</strong></span> 
     </span>
     <span class='ocr_line' id='line_1_22' title="bbox 217 2717 1286 2808; baseline 0.001 -28"><span class='ocrx_word' id='word_1_159' title='bbox 217 2718 389 2798; x_wconf 85' lang='lat' dir='ltr'><strong>Lucullus,</strong></span> <span class='ocrx_word' id='word_1_160' title='bbox 422 2739 490 2805; x_wconf 87' lang='lat' dir='ltr'><strong>cap.</strong></span> <span class='ocrx_word' id='word_1_161' title='bbox 517 2717 565 2805; x_wconf 85' lang='lat'><strong>5)</strong></span> <span class='ocrx_word' id='word_1_162' title='bbox 599 2719 870 2808; x_wconf 88' lang='lat' dir='ltr'><strong>philosophorum</strong></span> <span class='ocrx_word' id='word_1_163' title='bbox 892 2720 1068 2808; x_wconf 77' lang='lat' dir='ltr'><strong>disciplinas</strong></span> <span class='ocrx_word' id='word_1_164' title='bbox 1091 2719 1286 2808; x_wconf 74' lang='lat' dir='ltr'><strong>gravissimas</strong></span> 
     </span>
     <span class='ocr_line' id='line_1_23' title="bbox 215 2822 1285 2913; baseline 0.001 -26"><span class='ocrx_word' id='word_1_165' title='bbox 215 2823 451 2906; x_wconf 89' lang='lat' dir='ltr'><strong>constitissent,</strong></span> <span class='ocrx_word' id='word_1_166' title='bbox 468 2841 538 2887; x_wconf 89' lang='lat' dir='ltr'><strong>tum</strong></span> <span class='ocrx_word' id='word_1_167' title='bbox 555 2841 686 2889; x_wconf 82' lang='lat' dir='ltr'><strong>exortus</strong></span> <span class='ocrx_word' id='word_1_168' title='bbox 704 2841 770 2908; x_wconf 89' lang='lat' dir='ltr'><strong>est,</strong></span> <span class='ocrx_word' id='word_1_169' title='bbox 788 2842 826 2889; x_wconf 93' lang='lat' dir='ltr'><strong>ut</strong></span> <span class='ocrx_word' id='word_1_170' title='bbox 842 2827 876 2890; x_wconf 93' lang='lat' dir='ltr'><strong>in</strong></span> <span class='ocrx_word' id='word_1_171' title='bbox 892 2827 1014 2913; x_wconf 86' lang='lat' dir='ltr'><strong>optima</strong></span> <span class='ocrx_word' id='word_1_172' title='bbox 1031 2824 1197 2912; x_wconf 86' lang='lat' dir='ltr'><strong>republica</strong></span> <span class='ocrx_word' id='word_1_173' title='bbox 1208 2822 1285 2888; x_wconf 90' lang='lat' dir='ltr'><strong>Tib.</strong></span> 
     </span>
     <span class='ocr_line' id='line_1_24' title="bbox 216 2928 1287 3019; baseline -0.001 -25"><span class='ocrx_word' id='word_1_174' title='bbox 216 2928 399 3010; x_wconf 88' lang='lat' dir='ltr'><strong>Gracchus,</strong></span> <span class='ocrx_word' id='word_1_175' title='bbox 415 2930 471 3017; x_wconf 91' lang='lat' dir='ltr'><strong>qui</strong></span> <span class='ocrx_word' id='word_1_176' title='bbox 488 2931 593 2994; x_wconf 90' lang='lat' dir='ltr'><strong>otium</strong></span> <span class='ocrx_word' id='word_1_177' title='bbox 609 2933 830 3019; x_wconf 86' lang='lat' dir='ltr'><strong>perturbaret,</strong></span> <span class='ocrx_word' id='word_1_178' title='bbox 845 2932 891 2996; x_wconf 91' lang='lat' dir='ltr'><strong>sic</strong></span> <span class='ocrx_word' id='word_1_179' title='bbox 904 2933 1074 3013; x_wconf 87' lang='lat' dir='ltr'><strong>Arcesilas,</strong></span> <span class='ocrx_word' id='word_1_180' title='bbox 1091 2930 1149 3019; x_wconf 93' lang='lat' dir='ltr'><strong>qui</strong></span> <span class='ocrx_word' id='word_1_181' title='bbox 1161 2930 1287 2994; x_wconf 90' lang='lat' dir='ltr'><strong>consti-</strong></span> 
     </span>
     <span class='ocr_line' id='line_1_25' title="bbox 216 3037 1287 3125; baseline 0.002 -26"><span class='ocrx_word' id='word_1_182' title='bbox 216 3052 318 3100; x_wconf 89' lang='lat' dir='ltr'><strong>tutam</strong></span> <span class='ocrx_word' id='word_1_183' title='bbox 348 3037 587 3125; x_wconf 80' lang='lat' dir='ltr'><strong>philosophiam</strong></span> <span class='ocrx_word' id='word_1_184' title='bbox 618 3056 794 3121; x_wconf 87' lang='lat' dir='ltr'><strong>everteret,</strong></span> <span class='ocrx_word' id='word_1_185' title='bbox 826 3056 859 3103; x_wconf 89' lang='lat' dir='ltr'><strong>et</strong></span> <span class='ocrx_word' id='word_1_186' title='bbox 884 3040 918 3102; x_wconf 97' lang='lat' dir='ltr'><strong>in</strong></span> <span class='ocrx_word' id='word_1_187' title='bbox 949 3061 1064 3102; x_wconf 87' lang='lat' dir='ltr'><strong>corum</strong></span> <span class='ocrx_word' id='word_1_188' title='bbox 1094 3038 1287 3102; x_wconf 87' lang='lat' dir='ltr'><strong>auctoritate</strong></span> 
     </span>
     <span class='ocr_line' id='line_1_26' title="bbox 216 3141 1288 3233; baseline 0.001 -28"><span class='ocrx_word' id='word_1_189' title='bbox 216 3141 433 3226; x_wconf 89' lang='lat' dir='ltr'><strong>delitesceret,</strong></span> <span class='ocrx_word' id='word_1_190' title='bbox 460 3145 517 3231; x_wconf 91' lang='lat' dir='ltr'><strong>qui</strong></span> <span class='ocrx_word' id='word_1_191' title='bbox 545 3145 747 3232; x_wconf 83' lang='lat' dir='ltr'><strong>negavissent</strong></span> <span class='ocrx_word' id='word_1_192' title='bbox 773 3145 952 3233; x_wconf 89' lang='lat' dir='ltr'><strong>quidquam</strong></span> <span class='ocrx_word' id='word_1_193' title='bbox 980 3145 1053 3209; x_wconf 91' lang='lat' dir='ltr'><strong>sciri</strong></span> <span class='ocrx_word' id='word_1_194' title='bbox 1079 3160 1136 3207; x_wconf 87' lang='lat' dir='ltr'><strong>aut</strong></span> <span class='ocrx_word' id='word_1_195' title='bbox 1162 3143 1288 3230; x_wconf 90' lang='lat' dir='ltr'><strong>percipi</strong></span> 
     </span>
     <span class='ocr_line' id='line_1_27' title="bbox 217 3247 1288 3338; baseline 0.001 -27"><span class='ocrx_word' id='word_1_196' title='bbox 217 3270 310 3336; x_wconf 92' lang='lat' dir='ltr'><strong>posse</strong></span> <span class='ocrx_word' id='word_1_197' title='bbox 322 3279 345 3313; x_wconf 67' lang='grc' dir='ltr'><strong>ν.</strong></span> <span class='ocrx_word' id='word_1_198' title='bbox 365 3247 460 3336; x_wconf 88' lang='lat' dir='ltr'><strong>Apud</strong></span> <span class='ocrx_word' id='word_1_199' title='bbox 474 3249 682 3315; x_wconf 91' lang='lat' dir='ltr'><strong>Plutarchum</strong></span> <span class='ocrx_word' id='word_1_200' title='bbox 692 3251 739 3336; x_wconf 65' lang='lat' dir='ltr'><strong>(A)</strong></span> <span class='ocrx_word' id='word_1_201' title='bbox 753 3251 852 3315; x_wconf 92' lang='lat' dir='ltr'><strong>Stoici</strong></span> <span class='ocrx_word' id='word_1_202' title='bbox 866 3251 998 3338; x_wconf 91' lang='lat' dir='ltr'><strong>quidam</strong></span> <span class='ocrx_word' id='word_1_203' title='bbox 1008 3249 1182 3314; x_wconf 84' lang='lat' dir='ltr'><strong>Arcesilam</strong></span> <span class='ocrx_word' id='word_1_204' title='bbox 1195 3264 1288 3312; x_wconf 90' lang='lat' dir='ltr'><strong>vete·</strong></span> 
     </span>
     <span class='ocr_line' id='line_1_28' title="bbox 216 3353 1289 3443; baseline 0.002 -27"><span class='ocrx_word' id='word_1_205' title='bbox 216 3376 331 3440; x_wconf 91' lang='lat' dir='ltr'><strong>resque</strong></span> <span class='ocrx_word' id='word_1_206' title='bbox 356 3369 430 3440; x_wconf 93' lang='lat' dir='ltr'><strong>post</strong></span> <span class='ocrx_word' id='word_1_207' title='bbox 453 3375 529 3417; x_wconf 86' lang='lat' dir='ltr'><strong>eum</strong></span> <span class='ocrx_word' id='word_1_208' title='bbox 553 3354 776 3438; x_wconf 88' lang='lat' dir='ltr'><strong>Academicos,</strong></span> <span class='ocrx_word' id='word_1_209' title='bbox 801 3387 814 3411; x_wconf 81' lang='grc' dir='ltr'>ι</span> <span class='ocrx_word' id='word_1_210' title='bbox 827 3356 992 3443; x_wconf 85' lang='lat' dir='ltr'><strong>Sophistas</strong></span> <span class='ocrx_word' id='word_1_211' title='bbox 1016 3371 1048 3419; x_wconf 88' lang='lat' dir='ltr'><strong>et</strong></span> <span class='ocrx_word' id='word_1_212' title='bbox 1069 3353 1289 3441; x_wconf 75' lang='lat' dir='ltr'><strong>philosophiae</strong></span> 
     </span>
     <span class='ocr_line' id='line_1_29' title="bbox 217 3458 1288 3549; baseline 0.001 -27"><span class='ocrx_word' id='word_1_213' title='bbox 217 3475 339 3547; x_wconf 89' lang='lat' dir='ltr'><strong>pestes,</strong></span> <span class='ocrx_word' id='word_1_214' title='bbox 364 3458 636 3548; x_wconf 89' lang='lat' dir='ltr'><strong>decretorumque</strong></span> <span class='ocrx_word' id='word_1_215' title='bbox 662 3477 747 3525; x_wconf 87' lang='lat' dir='ltr'><strong>recta</strong></span> <span class='ocrx_word' id='word_1_216' title='bbox 774 3463 824 3525; x_wconf 90' lang='lat' dir='ltr'><strong>via</strong></span> <span class='ocrx_word' id='word_1_217' title='bbox 851 3460 1098 3549; x_wconf 89' lang='lat' dir='ltr'><strong>procedentium</strong></span> <span class='ocrx_word' id='word_1_218' title='bbox 1121 3481 1288 3523; x_wconf 90' lang='lat' dir='ltr'><strong>eversores</strong></span> 
     </span>
     <span class='ocr_line' id='line_1_30' title="bbox 216 3563 1289 3655; baseline 0 -26"><span class='ocrx_word' id='word_1_219' title='bbox 216 3587 255 3629; x_wconf 85' lang='lat' dir='ltr'><strong>uc</strong></span> <span class='ocrx_word' id='word_1_220' title='bbox 269 3563 532 3647; x_wconf 77' lang='lat' dir='ltr'><strong>deturbatores,»</strong></span> <span class='ocrx_word' id='word_1_221' title='bbox 548 3565 761 3655; x_wconf 88' lang='lat' dir='ltr'><strong>appellabant.</strong></span> <span class='ocrx_word' id='word_1_222' title='bbox 784 3566 883 3650; x_wconf 88' lang='lat' dir='ltr'><strong>Quod</strong></span> <span class='ocrx_word' id='word_1_223' title='bbox 901 3584 1010 3631; x_wconf 85' lang='lat' dir='ltr'><strong>autem</strong></span> <span class='ocrx_word' id='word_1_224' title='bbox 1032 3588 1108 3629; x_wconf 90' lang='lat' dir='ltr'><strong>eum</strong></span> <span class='ocrx_word' id='word_1_225' title='bbox 1124 3564 1180 3629; x_wconf 81' lang='lat' dir='ltr'><strong>sub</strong></span> <span class='ocrx_word' id='word_1_226' title='bbox 1200 3566 1289 3629; x_wconf 81' lang='lat' dir='ltr'><strong>anti-</strong></span> 
     </span>
    </p>
   </div>
   <div class='ocr_carea' id='block_1_5' title="bbox 219 3741 1290 4162">
    <p class='ocr_par' dir='ltr' id='par_1_5' title="bbox 219 3741 1290 3894">
     <span class='ocr_line' id='line_1_31' title="bbox 253 3741 1290 3810; baseline -0.003 -20"><span class='ocrx_word' id='word_1_227' title='bbox 253 3741 292 3807; x_wconf 86' lang='lat'><strong>(1)</strong></span> <span class='ocrx_word' id='word_1_228' title='bbox 309 3741 431 3800; x_wconf 71' lang='lat' dir='ltr'><strong>lautu,</strong></span> <span class='ocrx_word' id='word_1_229' title='bbox 446 3742 561 3789; x_wconf 81' lang='lat' dir='ltr'><strong>adversus</strong></span> <span class='ocrx_word' id='word_1_230' title='bbox 569 3742 756 3791; x_wconf 78' lang='lat' dir='ltr'><strong>Mathematicus</strong></span> <span class='ocrx_word' id='word_1_231' title='bbox 767 3743 803 3807; x_wconf 88' lang='lat'><strong>(1.</strong></span> <span class='ocrx_word' id='word_1_232' title='bbox 814 3743 929 3791; x_wconf 84' lang='lat' dir='ltr'><strong>adversus</strong></span> <span class='ocrx_word' id='word_1_233' title='bbox 942 3744 1072 3810; x_wconf 81' lang='lat' dir='ltr'><strong>chicos)‚</strong></span> <span class='ocrx_word' id='word_1_234' title='bbox 1084 3754 1143 3791; x_wconf 83' lang='lat' dir='ltr'><strong>sect.</strong></span> <span class='ocrx_word' id='word_1_235' title='bbox 1157 3745 1290 3804; x_wconf 67' lang='lat' dir='ltr'><strong>alr-149,</strong></span> 
     </span>
     <span class='ocr_line' id='line_1_32' title="bbox 219 3838 413 3894; baseline 0.005 -17"><span class='ocrx_word' id='word_1_236' title='bbox 219 3845 275 3894; x_wconf 78' lang='lat' dir='ltr'><strong>pag.</strong></span> <span class='ocrx_word' id='word_1_237' title='bbox 289 3838 413 3887; x_wconf 69' lang='lat' dir='ltr'><strong>too-402.</strong></span> 
     </span>
    </p>

    <p class='ocr_par' dir='ltr' id='par_1_6' title="bbox 254 3918 632 3983">
     <span class='ocr_line' id='line_1_33' title="bbox 254 3918 632 3983; baseline -0.003 -16"><span class='ocrx_word' id='word_1_238' title='bbox 254 3918 292 3982; x_wconf 83' lang='lat' dir='ltr'><strong>(a)</strong></span> <span class='ocrx_word' id='word_1_239' title='bbox 310 3919 424 3966; x_wconf 88' lang='lat' dir='ltr'><strong>Acadcm.</strong></span> <span class='ocrx_word' id='word_1_240' title='bbox 436 3918 480 3965; x_wconf 88' lang='lat' dir='ltr'><strong>lih.</strong></span> <span class='ocrx_word' id='word_1_241' title='bbox 495 3922 521 3977; x_wconf 88' lang='lat' dir='ltr'><strong>l,</strong></span> <span class='ocrx_word' id='word_1_242' title='bbox 538 3935 593 3983; x_wconf 82' lang='lat' dir='ltr'><strong>cap.</strong></span> <span class='ocrx_word' id='word_1_243' title='bbox 606 3935 632 3981; x_wconf 85' lang='lat'><strong>9.</strong></span> 
     </span>
    </p>

    <p class='ocr_par' dir='ltr' id='par_1_7' title="bbox 252 4003 1090 4073">
     <span class='ocr_line' id='line_1_34' title="bbox 252 4003 1090 4073; baseline 0.004 -20"><span class='ocrx_word' id='word_1_244' title='bbox 252 4003 290 4067; x_wconf 65' lang='lat'><strong>(3)</strong></span> <span class='ocrx_word' id='word_1_245' title='bbox 308 4006 384 4070; x_wconf 89' lang='lat' dir='ltr'><strong>Apud</strong></span> <span class='ocrx_word' id='word_1_246' title='bbox 398 4007 486 4054; x_wconf 73' lang='lat' dir='ltr'><strong>Ettsclt.</strong></span> <span class='ocrx_word' id='word_1_247' title='bbox 499 4008 577 4070; x_wconf 81' lang='lat' dir='ltr'><strong>Praep.</strong></span> <span class='ocrx_word' id='word_1_248' title='bbox 591 4008 637 4056; x_wconf 85' lang='lat' dir='ltr'><strong>Ev.</strong></span> <span class='ocrx_word' id='word_1_249' title='bbox 649 4007 692 4055; x_wconf 91' lang='lat' dir='ltr'><strong>lib.</strong></span> <span class='ocrx_word' id='word_1_250' title='bbox 703 4010 775 4066; x_wconf 74' lang='lat' dir='ltr'><strong>nv,</strong></span> <span class='ocrx_word' id='word_1_251' title='bbox 789 4025 844 4073; x_wconf 85' lang='lat' dir='ltr'><strong>cap.</strong></span> <span class='ocrx_word' id='word_1_252' title='bbox 855 4010 879 4066; x_wconf 79' lang='lat'><strong>5,</strong></span> <span class='ocrx_word' id='word_1_253' title='bbox 891 4025 917 4073; x_wconf 93' lang='lat' dir='ltr'><strong>p.</strong></span> <span class='ocrx_word' id='word_1_254' title='bbox 931 4025 991 4071; x_wconf 73' lang='lat'><strong>727,</strong></span> <span class='ocrx_word' id='word_1_255' title='bbox 1005 4010 1057 4057; x_wconf 86' lang='lat' dir='ltr'><strong>bct</strong></span> <span class='ocrx_word' id='word_1_256' title='bbox 1068 4026 1090 4056; x_wconf 92' lang='lat' dir='ltr'><strong>c.</strong></span> 
     </span>
    </p>

    <p class='ocr_par' dir='ltr' id='par_1_8' title="bbox 250 4093 1166 4162">
     <span class='ocr_line' id='line_1_35' title="bbox 250 4093 1166 4162; baseline 0.002 -22"><span class='ocrx_word' id='word_1_257' title='bbox 250 4093 289 4156; x_wconf 69' lang='lat' dir='ltr'><strong>(l)</strong></span> <span class='ocrx_word' id='word_1_258' title='bbox 307 4094 428 4141; x_wconf 87' lang='lat' dir='ltr'><strong>Plutarch.</strong></span> <span class='ocrx_word' id='word_1_259' title='bbox 444 4093 475 4140; x_wconf 83' lang='lat' dir='ltr'><strong>tle</strong></span> <span class='ocrx_word' id='word_1_260' title='bbox 490 4094 660 4143; x_wconf 83' lang='lat' dir='ltr'><strong>communibus</strong></span> <span class='ocrx_word' id='word_1_261' title='bbox 672 4096 766 4144; x_wconf 87' lang='lat' dir='ltr'><strong>notitiis</strong></span> <span class='ocrx_word' id='word_1_262' title='bbox 776 4095 832 4145; x_wconf 84' lang='lat' dir='ltr'><strong>adv.</strong></span> <span class='ocrx_word' id='word_1_263' title='bbox 848 4098 944 4146; x_wconf 82' lang='lat' dir='ltr'><strong>Stoicos</strong></span> <span class='ocrx_word' id='word_1_264' title='bbox 955 4134 962 4159; x_wconf 94' lang='lat'>‚</span> <span class='ocrx_word' id='word_1_265' title='bbox 972 4114 1029 4162; x_wconf 79' lang='lat' dir='ltr'><strong>pag.</strong></span> <span class='ocrx_word' id='word_1_266' title='bbox 1043 4096 1125 4158; x_wconf 80' lang='lat'><strong>1059,</strong></span> <span class='ocrx_word' id='word_1_267' title='bbox 1144 4112 1166 4143; x_wconf 85' lang='lat' dir='ltr'><strong>a.</strong></span> 
     </span>
    </p>
   </div>
   <div class='ocr_carea' id='block_1_6' title="bbox 0 0 1353 4800">
    <p class='ocr_par' dir='ltr' id='par_1_9' title="bbox 0 0 1353 4800">
     <span class='ocr_line' id='line_1_36' title="bbox 0 0 1353 4800; baseline 0 0"><span class='ocrx_word' id='word_1_268' title='bbox 0 0 1353 4800; x_wconf 95' lang='lat' dir='ltr'><strong> </strong></span> 
     </span>
    </p>
   </div>
  </div>
 </body>
</html>
