2640 5214
321 367 359 434 r.
374 363 613 435 varenam
637 362 920 435 aoauamca.
1114 394 1162 467 29

126 507 223 575 punem
247 488 439 551 audonlate
463 483 643 549 delitescere
665 484 821 569 voluisse,
853 485 1006 553 Lucullus
1034 490 1097 574 ait,
1127 494 1163 559 id

128 590 253 676 ejusmodi
272 608 323 655 est
342 614 351 655 ε
375 612 450 654 nam
469 612 572 677 quum
591 588 747 655 Arcesilas
767 591 946 675 ambitiosi,
967 596 1109 661 novandi
1124 622 1163 664 ac

128 695 308 761 ulumniandi
318 694 419 760 studii
431 693 584 757 invidiam
594 694 756 758 declinare
766 695 812 784 (1)
824 714 967 785 cuperet,
977 722 1044 764 non
1054 701 1162 767 solum

127 802 261 865 aSocrate
292 801 509 887 Platoneque,
537 821 621 886 quos
649 800 819 887 magistros
847 800 1004 885 jactabat,
1030 828 1064 869 sc
1093 830 1162 871 non

127 904 263 973 clausisse
277 905 450 971 ostendere
463 906 656 987 conabatur,
671 905 728 971 sed
745 923 777 970 et
793 907 1002 995 physicorum
1017 912 1163 1000 philoso-

126 1012 252 1099 phorum,
277 1014 336 1101 qui
356 1013 495 1077 Socratis
518 1027 610 1076 aetate
631 1013 814 1100 superiores
837 1013 988 1097 luerunt,
1007 1018 1162 1099 majorem

125 1135 218 1205 poem
228 1141 288 1209 pro
303 1140 377 1199 sua,
389 1118 454 1181 sive
465 1117 574 1206 potius
586 1116 763 1205 Pyrrhonis
775 1119 962 1207 acatalepsia
973 1122 1164 1212 epocheque

125 1224 220 1290 citabat.
243 1222 345 1307 Quod
364 1246 432 1286 non
454 1222 591 1287 candide
610 1239 667 1287 aut
687 1223 776 1287 bono
797 1224 906 1287 animo
926 1226 1057 1315 abipso
1077 1228 1163 1314 fieri,

123 1330 255 1418 quinino
286 1346 378 1394 erant
409 1330 559 1418 sophistas
592 1329 888 1418 interpretabantur
909 1330 978 1419 (a),
1006 1333 1165 1423 illumque

123 1434 325 1500 humulabant
355 1435 448 1522 quasi
475 1435 606 1523 propria
635 1458 674 1500 ac
708 1435 843 1499 minime
871 1436 1005 1524 antiqua
1036 1438 1165 1506 decreta

122 1543 235 1631 antiquis
246 1558 279 1606 et
292 1540 470 1605 illustribus
481 1541 576 1621 viris,
591 1541 713 1606 Socrati
725 1558 758 1605 et
771 1540 899 1606 Platoni
915 1543 1165 1635 Parmenidique

122 1662 194 1734 atque
209 1647 396 1711 Democrito
412 1645 597 1736 affingeret,
616 1663 655 1710 ut
674 1645 830 1710 doctrinae
852 1670 918 1711 suae
939 1649 1164 1718 auctoritatem

122 1749 259 1841 idemque
284 1750 371 1841 apud
388 1752 503 1841 vulgus
526 1752 721 1817 conciliaret.
752 1751 876 1816 Verum
897 1755 1108 1844 acatalepsiae,
1130 1758 1165 1823 id

122 1873 169 1937 cst,
183 1857 354 1945 desperatae
374 1856 670 1945 comprehensionis
692 1855 827 1945 dogma,
847 1880 887 1921 ex
908 1860 1053 1933 Homero
1076 1862 1165 1949 ipso,

78 1954 80 1959 ’
122 1964 392 2054 antiquissimisque
412 1963 481 2027 aliis
502 1963 659 2050 repetitur
677 1979 709 2026 et
731 1962 943 2027 confirmatur
960 1966 1046 2055 apud
1067 1969 1166 2034 Laer-

122 2070 180 2134 tium
199 2072 232 2134 in
253 2071 423 2158 Pyrrhone
449 2069 516 2156 (3);
542 2068 632 2156 quod
656 2070 751 2132 etiam
775 2086 805 2133 et
832 2072 945 2135 Cicero
972 2074 1006 2136 in
1030 2077 1166 2141 Lucullo
1221 2080 1225 2089 “

121 2176 232 2260 probare
245 2172 377 2239 studet:
395 2196 538 2262 namque
553 2172 587 2236 id
602 2172 801 2237 Academicis
815 2175 968 2238 omnibus
981 2194 1055 2264 post
1067 2182 1166 2245 Arce.

77 2254 80 2295 Ι
122 2280 189 2347 silam
216 2282 420 2371 propositum
447 2281 548 2345 fuisse
573 2279 713 2345 videtur.
744 2281 888 2344 Multum
916 2282 1014 2371 igitur
1043 2284 1166 2365 diversa

122 2388 189 2476 origo
200 2411 310 2469 novae,
326 2387 392 2450 sive
409 2386 541 2470 mediae,
555 2385 669 2468 idest,
683 2386 832 2450 Arcesilae
848 2385 1028 2453 Academire
1043 2391 1084 2455 ab
1098 2393 1166 2458 aliis

121 2492 298 2581 philosophis
314 2494 525 2557 ambitionem
543 2510 574 2557 ct
593 2493 787 2557 calumniam
805 2510 902 2580 atque
920 2496 1164 2563 contentionem

122 2601 321 2681 musantibus,
352 2614 385 2663 et
410 2600 450 2663 ab
476 2600 552 2688 ipsis
581 2589 780 2663 Academicis
810 2618 1093 2668 commemoratur.
1124 2606 1166 2670 Hi

121 2705 185 2769 enim
197 2704 244 2793 (ά)
256 2728 264 2770 :
275 2735 289 2759 α
299 2706 383 2768 Cum
397 2707 548 2785 Zenone,
560 2720 597 2767 ut
610 2704 812 2793 accepimus,
828 2706 983 2769 Arcesilas
995 2707 1056 2771 sibi
1068 2733 1167 2775 omno

121 2826 259 2876 cunamen
282 2811 439 2891 instituit,
459 2834 525 2875 non
549 2811 720 2898 pertinacia
739 2826 796 2873 aut
813 2810 921 2875 studio
942 2812 1109 2895 vincendi,
1130 2834 1168 2881 ut

121 2916 181 2980 nihi
199 2916 334 3005 quidem
351 2916 494 2999 videtur,
516 2916 573 2981 sed
594 2940 705 2981 earum
727 2939 836 2980 rerum
858 2917 1074 3001 obscuritate,
1093 2945 1166 3009 quoe

122 3018 407 3087 adconfessionem
438 3023 648 3112 ignorationis
682 3021 887 3086 adduxerunt
915 3022 1099 3106 Socratem,
1134 3044 1167 3092 et

122 3125 200 3192 veluti
215 3144 359 3192 amantes
379 3128 559 3209 Socratem,
576 3128 818 3205 Democritum,
838 3129 1071 3216 Anaxagoram,
1087 3132 1166 3195 Ena-

123 3229 287 3315 pedoclem,
310 3255 423 3295 omnes
440 3256 531 3320 paene
548 3250 689 3314 veteres,
709 3233 766 3319 qui
789 3231 868 3294 nihil
891 3235 1061 3321 cognosci,
1087 3238 1167 3302 nihil

124 3337 240 3425 percipi,
260 3336 342 3400 nihil
359 3337 432 3401 sciri
448 3360 542 3425 posse
557 3337 725 3418 ‹lixerunt3
741 3353 895 3425 angustos
911 3361 1042 3419 sensus,
1062 3342 1166 3409 imbe-

127 3438 193 3506 atos
209 3443 351 3525 animos,
369 3443 475 3506 brevia
492 3444 650 3507 curricula
666 3443 754 3519 ritae,
774 3459 823 3524 et,
839 3459 877 3506 ut
893 3444 1114 3528 Democritus,
1131 3448 1165 3510 in

154 3656 183 3721 (ι)
196 3660 257 3709 mae
272 3663 383 3710 lactant.
399 3661 483 3711 Diria.
501 3666 560 3710 lust.
576 3661 618 3709 lib.
633 3663 684 3723 111,
707 3661 737 3709 de
755 3662 811 3709 salta
826 3661 960 3726 sapientia,
982 3679 1038 3726 cap.
1058 3665 1090 3721 A,
1108 3680 1165 3729 pag.

134 3756 176 3803 ¹97,
184 3757 238 3795 tom.
248 3752 269 3797 1.

158 3826 187 3895 (²)
202 3835 318 3885 Plutarch.
329 3837 444 3885 adversm
458 3837 582 3895 Colotcm,
596 3853 650 3902 pag.
669 3851 751 3893 κιαι,
769 3837 795 3895 t‘,
809 3846 834 3882 et
850 3851 932 3896 rana,
945 3851 968 3884 a.

161 3918 190 3981 (3)
203 3924 262 3971 Vide
275 3925 516 3985 Sextum‚lib.V11,
531 3925 647 3974 adversus
659 3925 777 3972 Mathem.
799 3921 838 3985 (1.
850 3923 908 3970 adr.
923 3920 1008 3985 Log.),
1026 3937 1086 3976 sect.
1102 3930 1168 3987 128,

134 4016 176 4066 Η·
185 4010 245 4073 3983
256 4014 460 4079 Hypotypossib.
471 4017 522 4074 111,
534 4026 592 4064 sect.
608 4022 674 4073 att,
687 4029 742 4079 pag.
753 4009 812 4072 189.

163 4090 192 4157 il)
205 4098 250 4148 Cic.
263 4102 340 4151 Acad.
350 4102 395 4151 lib.
406 4105 434 4163 l,
452 4120 506 4167 cap.
519 4105 557 4153 13.
