2678 4800
274 456 278 461 η
323 403 331 411 -
359 361 397 429 P.
424 361 668 433 VAIAENTIAE
691 363 974 436 ACADEMICA.
1157 374 1198 455 ἀι

178 481 228 547 ι5.
248 482 445 549 iCriterium
455 482 565 572 igitur,
576 466 686 571 inquit
696 485 811 550 Sextus
822 486 835 569 (
840 486 886 572 r),
904 487 1059 576 Scepticoe
1074 490 1206 556 institu-
1244 494 1250 509 '

136 589 227 653 donis
245 586 385 651 dicimus
400 608 489 668 esse,
505 588 544 650 id
552 588 647 675 ‘quod
659 605 791 679 apparet
808 613 821 654 .·
838 591 928 679 quod
949 593 1085 681 perinde
1103 613 1151 660 est
1166 620 1204 663 ac

134 697 156 759 si
157 695 366 783 phantasiam
376 692 530 758 dicamus.
543 696 656 776 Quum
667 696 753 761 enim
764 699 1007 785 persuasionem
1017 717 1049 764 et
1059 718 1202 767 coactam

133 802 315 890 passionem
336 800 467 881 afferat,
493 800 614 890 ambigi
638 800 680 865 de
706 824 744 866 ea
768 825 836 867 non
860 821 977 892 potest.
1001 807 1115 894 Itaque
1138 808 1203 872 hoe

132 907 285 995 quidem,
303 905 457 971 nimirum
476 904 540 969 tale
555 923 611 971 aut
630 907 691 970 tale
706 930 860 997 apparere
872 909 981 997 ipsum
1000 911 1203 992 subjectum,

132 1033 227 1076 nemo
249 1011 384 1075 fortasse
403 1011 438 1073 in
457 1008 596 1073 dubium
612 1027 733 1076 vocat:
759 1010 816 1076 sed
837 1011 879 1077 de
902 1013 966 1077 hoc
990 1014 1138 1080 videlicet
1160 1039 1201 1080 an

133 1117 191 1181 tale
220 1116 287 1198 sit,
322 1117 417 1204 quale
443 1132 593 1204 apparet,
620 1116 805 1205 ambigitur.
835 1119 1076 1206 Apparentibus
1103 1123 1204 1211 igitur

130 1223 395 1310 acquiescentes,
424 1244 462 1285 ca
494 1244 566 1308 quae
597 1220 639 1285 ad
670 1223 771 1284 vitam
799 1220 1010 1288 communem
1039 1228 1204 1313 pertinent

130 1326 353 1409 observando,
371 1327 559 1415 opinatione
576 1326 667 1390 omni
691 1326 782 1390 liberi
804 1327 942 1392 vivimus
963 1352 972 1394 ι
997 1331 1073 1418 quia
1093 1334 1203 1396 omnis

130 1432 267 1497 actionis
280 1453 414 1520 prorsus
426 1447 572 1520 expertes
585 1454 733 1495 essenon
748 1453 933 1519 possumus.
945 1434 1084 1499 Videtu'r
1094 1453 1202 1501 autern

129 1540 197 1604 haec
210 1537 396 1603 observatio
410 1560 543 1619 eorum,
559 1560 631 1625 quae
642 1536 684 1602 ad
698 1538 798 1602 vitam
813 1561 1023 1604 communem
1036 1558 1200 1629 spectant,

129 1644 336 1733 quadruplex
351 1667 442 1726 csse;
457 1661 490 1709 et
505 1645 623 1732 partim
639 1644 674 1708 in
691 1645 828 1708 naturali
843 1646 1060 1711 instructione
1069 1642 1199 1729 versari,

128 1753 301 1841 partimin
320 1752 462 1840 impulsu
482 1768 515 1816 et
535 1768 649 1816 coactu
667 1753 871 1840 passionum,
891 1755 1061 1842 partimin
1081 1757 1203 1819 cousti-

130 1858 259 1922 tutione
289 1857 398 1948 legum
428 1874 461 1921 et
492 1856 791 1939 consuetudinum,
819 1860 937 1946 partim
967 1861 1001 1924 in
1031 1860 1203 1926 traditione
1308 1900 1310 1905 ·

129 1966 250 2029 artium
259 1988 268 2029 ι
277 1965 489 2029 Imtructione
498 1965 647 2045 naturali,
662 1987 829 2053 perquam
841 1989 861 2029 a
873 1982 989 2031 natura
999 1984 1032 2031 et
1045 1989 1203 2032 sensuum

130 2087 163 2135 et
186 2070 368 2136 intellectus
391 2070 542 2135 facultate
559 2069 686 2158 praediti
706 2092 841 2152 sumus,
855 2073 1044 2137 Passionem
1064 2089 1202 2154 coactu,

131 2200 201 2265 quo
223 2176 260 2241 fit
281 2194 321 2241 ut
342 2178 442 2241 lamas
465 2176 507 2241 ad
528 2177 637 2240 cibum
659 2197 719 2239 nos
736 2175 893 2257 deducat,
915 2179 983 2241 sitis
1003 2177 1045 2241 ad
1067 2194 1203 2266 potum3

130 2284 253 2371 Legum
272 2300 306 2348 et
324 2306 445 2347 morum
466 2282 717 2362 constitutione,
738 2305 810 2370 quae
833 2283 909 2346 facit
927 2298 964 2345 ut
982 2283 1036 2370 pie
1054 2304 1148 2369 agere
1169 2282 1202 2343 in

129 2389 197 2453 vita
220 2389 408 2471 communi,
431 2390 557 2453 bunum
583 2410 790 2469 censeamus3
812 2387 912 2476 impie
928 2410 1040 2475 agere,
1060 2389 1202 2468 malum;

130 2496 260 2558 Artium
278 2493 469 2575 traditione,
493 2516 551 2583 per
571 2516 669 2580 quam
685 2516 755 2557 non
776 2493 906 2557 inutiles
926 2509 959 2555 et
976 2493 1072 2557 otiosi
1089 2514 1203 2557 sumus

131 2601 166 2664 in
182 2599 222 2665 iis
238 2623 311 2688 quae
327 2600 422 2664 nobis
438 2598 615 2664 traduntur
626 2599 761 2664 artibus.
777 2599 854 2663 Hoec
871 2614 982 2662 autem
998 2599 1108 2662 omnia
1124 2598 1204 2662 citra

130 2706 354 2794 opinationem
372 2704 542 2770 dicimus.»
558 2706 633 2769 Haec
649 2706 775 2768 Sextus.

180 2813 231 2877 16.
249 2812 363 2894 Quum
376 2827 486 2875 autem
502 2810 667 2898 Scepticus
680 2809 722 2873 de
736 2809 915 2897 questione
929 2809 1035 2897 aliqua
1050 2827 1203 2897 rogatur,

131 2919 195 2983 illis
211 2918 336 3000 verbis,
354 2917 475 3007 quibus
495 2917 588 3004 quasi
608 2915 797 2980 cautionum
816 2915 964 2979 formulis
987 2917 1103 2996 utitur,
1122 2917 1206 2980 solet

131 3022 358 3113 respondere:
378 3036 537 3106 Σκιπτομιιι.
559 3021 593 3086 id
615 3038 680 3103 est,
703 3020 793 3104 Quid
816 3020 1014 3109 respondere
1037 3037 1202 3108 oporteat,

131 3152 239 3219 quum
249 3128 399 3194 nondum
410 3143 615 3216 compertum
626 3126 779 3210 habeam,
792 3150 902 3214 quaero
912 3141 1011 3214 atque
1020 3125 1205 3192 considero.

131 3235 239 3314 ῢκιχυ,
257 3234 291 3300 id
309 3251 374 3316 est,
391 3236 611 3298 Assentronam
623 3234 771 3298 sauciato.
787 3237 866 3295 οὐδὲν
883 3243 969 3313 ὁρίζω,
983 3231 1017 3295 id
1034 3247 1097 3313 est,
1113 3231 1209 3296 Nritil

130 3345 270 3431 definm5
286 3364 427 3430 namque
443 3341 555 3406 omnia
573 3357 652 3405 sunt
669 3352 770 3421 ἁόριςα,
788 3339 904 3420 idest,
924 3340 1101 3425 indiffinita.
1123 3344 1206 3402 otdlv

132 3466 242 3534 μᾶλλον,
262 3449 296 3514 id
317 3466 383 3532 est,
405 3448 515 3515 Nihilo
535 3451 655 3537 magis,
673 3449 739 3512 hoc
758 3448 909 3512 videlicet
926 3464 975 3511 est
997 3468 1095 3535 quarn
1114 3443 1206 3509 illud.

132 3569 215 3624 Παντὶ
230 3570 296 3638 λόγῳ
312 3568 382 3638 λόγος
395 3561 447 3628 ἶσος
462 3568 611 3631 traintem,
624 3555 734 3637 idest,
749 3556 872 3619 «Omni
886 3554 1029 3618 sermoni
1042 3567 1075 3615 et
1088 3549 1206 3614 rationi

133 3666 216 3728 ratio
236 3663 297 3727 alia
314 3662 444 3751 aequalis
463 3662 601 3727 obstate
620 3662 805 3726 Utcbantur
823 3677 856 3724 ct
874 3661 943 3723 aliis
960 3657 1119 3722 similibus
1137 3640 1209 3718 lor·

134 3770 249 3852 mulis,
264 3791 343 3857 quas
356 3790 471 3832 omnes
486 3769 680 3855 illarumque
696 3766 955 3854 explanationem
973 3787 1012 3827 ex
1024 3764 1095 3851 ipso
1109 3762 1206 3825 Sexto

136 3892 225 3965 petas
239 3875 329 3956 licet,
347 3897 412 3938 una
427 3898 504 3938 cum
521 3874 590 3938 aliis
605 3874 714 3937 multis
729 3872 771 3937 ad
784 3874 869 3936 hauc
883 3887 1003 3935 sectam
1018 3867 1208 3957 pertinenti·

172 4100 209 4167 ξι)
230 4096 389 4165 llypctypos.
400 4099 444 4147 lib.
455 4102 483 4159 1,
496 4113 550 4164 cap.
562 4114 602 4158 ιι,
614 4107 672 4147 sect.
685 4113 733 4159 aa,
747 4096 790 4155 23,
804 4101 853 4175 at,
867 4108 926 4158 pag.
939 4109 951 4154 7
968 4101 992 4141 et
1004 4089 1029 4141 8.
