2640 5214
353 108 391 176 P.
418 106 661 177 VALENTIAE
685 107 965 177 ACADEMICA.
1146 105 1191 203 37

125 228 189 293 vr's!
199 224 295 315 quod
304 225 549 292 hemistichium
560 227 602 292 ab
612 225 857 311 Andromacha,
870 228 1044 292 Hectorem
1054 251 1074 293 a
1083 250 1194 318 pugna

127 330 447 414 mooemsmdente,
457 331 545 421 apud
561 333 795 422 Homerum(1)
808 333 1048 422 pronuntiatur.
1058 333 1196 400 Dicebat

125 438 216 503 etiam
227 437 412 503 Carneades
421 455 454 502 et
463 438 601 520 illud,si
610 438 800 529 Chrysippus,
811 460 876 504 non
876 439 1013 528 firmet,
1025 462 1194 504 museum

122 568 178 632 ego
184 543 307 632 ,tquod
319 566 379 633 per
392 543 557 632 parodiam
570 567 609 609 ex
618 545 675 609 illo
684 546 833 633 superius
845 546 946 610 relato
956 561 1007 610 est
1018 544 1195 611 detortum.

94 651 169 714 ‘lta
188 649 294 715 Stoici
311 649 353 714 de
367 650 540 740 Chrysippi
560 652 688 740 scriptis
706 675 743 716 ac
763 652 895 741 ingenio
911 651 974 716 sibi
994 653 1139 739 placent,
1158 668 1196 716 ut

121 754 246 838 dicant,
264 777 380 820 omnes
391 756 541 819 omnium
557 754 826 827 Academicorum
838 757 955 838 libros,
970 758 1028 845 qui
1041 757 1195 822 adversus

120 882 236 925 sensus
258 876 338 924 sunt
355 859 450 942 editi,
471 861 499 924 si
521 860 619 925 simul
636 877 870 951 congerantur,
893 884 961 927 non
979 861 1195 929 conferendos

121 989 196 1030 cum
216 966 257 1031 iis
283 987 356 1054 quae
377 966 418 1028 ab
435 988 504 1030 uno
525 966 708 1054 Chrysippo
732 964 885 1031 adversus
906 989 1020 1031 sensus
1048 984 1127 1034 sunt
1149 968 1196 1056 (α)

119 1074 248 1161 scripta.
270 1072 348 1136 llaec
369 1072 483 1137 Cicero
504 1094 572 1136 non
589 1072 810 1162 pretermisit,
834 1073 881 1137 sic
902 1073 1053 1138 enimait
1074 1074 1109 1138 in
1126 1076 1193 1138 Lu-

120 1179 206 1244 cullo
218 1175 288 1266 (3):
302 1208 317 1233 ι
327 1179 377 1243 De
388 1178 508 1266 quibus
522 1178 688 1243 volumina
701 1178 832 1266 impleta
849 1196 943 1260 sunt,
959 1200 1027 1243 non
1041 1202 1061 1243 a
1075 1180 1193 1244 nostris

120 1284 246 1365 solum,
264 1280 323 1348 sed
341 1283 437 1346 etiam
452 1305 470 1347 a
483 1283 687 1375 Chrysippo:
706 1282 747 1347 de
764 1306 831 1370 quo
849 1285 943 1372 queri
960 1285 1067 1348 solent
1079 1284 1194 1367 Stoici,

122 1387 199 1454 dum
217 1386 365 1454 studiose
380 1389 490 1453 omnia
510 1391 722 1478 conquisierit
744 1406 856 1455 contra
880 1408 994 1456 sensus
1015 1406 1056 1454 et·
1068 1390 1194 1479 perspi·

123 1495 295 1576 cultatem,
321 1509 500 1581 contraque
528 1514 660 1560 omnem
693 1493 988 1577 consuetudinem,
1015 1510 1194 1584 contraque

125 1600 298 1691 rationem,
328 1601 435 1688 ipsum
465 1600 527 1665 sibi
558 1600 811 1688 respondentem
841 1624 875 1666 se
900 1602 974 1690 ipso
1005 1602 1193 1667 inferiorem

126 1704 236 1789 fuisse,
252 1706 363 1794 itaque
379 1705 420 1771 ab
436 1728 477 1769 ec
492 1723 654 1770 armatum
670 1728 739 1771 esse
754 1706 951 1771 Carneadem
962 1736 987 1771 ι.

170 1833 217 1875 ra.
244 1811 304 1876 Est
328 1834 424 1901 ergo,
451 1826 560 1875 nostra
586 1811 763 1892 sententia,
792 1811 947 1877 Arcesilas
970 1811 1191 1900 Pyrrhonius;

98 1977 101 1980 s
126 1931 177 1979 aut
193 1939 259 2004 qua
276 1917 421 1997 ratione,
440 1916 510 1996 ejus
528 1916 757 1996 Academiam,
777 1938 876 2002 quam
892 1916 1038 2004 plerique
1059 1916 1195 1980 medum

126 2038 253 2105 vocent,
265 2044 284 2086 a
295 2020 494 2104 Carneadea,
508 2045 607 2110 quam
619 2045 735 2087 novom
748 2037 781 2086 et
793 2027 916 2086 tertium
930 2020 1061 2104 dieunt,
1074 2021 1194 2086 discer-

127 2148 254 2210 namus,
275 2151 343 2194 nun
365 2128 535 2193 habemus.
562 2129 633 2193 Nisi
654 2129 701 2194 sic
722 2151 783 2193 nec
802 2128 979 2194 Arcesilam
1000 2151 1018 2192 a
1039 2126 1192 2207 Platone,

130 2255 182 2297 nec
209 2232 407 2298 Carneadem
435 2234 476 2297 ab
505 2235 664 2316 Arcesila,
692 2257 753 2298 nec
783 2233 824 2298 ab
855 2250 997 2321 utroque
1020 2231 1190 2296 Philonem

129 2334 307 2421 descivisse,
320 2337 520 2403 Academicis
531 2338 759 2404 concedamus.
776 2340 889 2402 Unum
901 2353 1010 2401 tamen
1024 2354 1088 2418 est,
1102 2336 1192 2424 quod

130 2443 293 2508 Arcesilam
312 2466 380 2508 non
398 2467 633 2533 usquequaque
651 2467 727 2510 cum
745 2445 914 2533 Pyrrhone
932 2444 1190 2508 consentientem

131 2548 292 2613 ostendere
316 2548 484 2632 rideatur,
514 2550 604 2639 quod
640 2567 673 2615 et
700 2550 837 2631 Sextus,
867 2551 899 2612 in
928 2548 1011 2612 libro
1045 2548 1193 2612 adversus

135 2651 320 2742 [incipimus
330 2653 388 2743 (A),
407 2655 513 2720 tradit.
531 2656 649 2721 Scribit
660 2656 748 2720 enim
767 2656 810 2737 is,
828 2685 841 2711 «
856 2653 1028 2719 Arcesilam
1039 2654 1073 2718 id
1082 2654 1115 2716 in
1127 2653 1192 2717 vita

134 2758 243 2846 agenda
257 2761 350 2848 sequi
363 2761 511 2844 jussisse,
526 2762 617 2850 quod
632 2761 800 2850 probabile
815 2761 1023 2841 judicaretur.
1041 2761 1192 2848 Namque

135 2862 299 2948 prudenter
316 2887 351 2929 se
368 2889 483 2955 gerens
499 2868 678 2955 quispiam,
694 2867 817 2949 aiebat,
834 2867 1021 2931 beatitatem
1034 2864 1192 2954 adipisce-

138 2981 188 3033 tur.
205 2970 382 3035 Prudentia
403 2972 437 3037 iu
461 2988 548 3037 recte
566 2974 656 3038 iactis
679 2989 836 3038 versatur.
856 2974 955 3036 Recte
972 2993 1049 3035 vero
1070 2973 1191 3035 factum

140 3070 240 3158 idest,
254 3075 297 3140 de
313 3100 397 3165 quo,
413 3076 504 3164 quod
518 3078 561 3143 ita
578 3077 700 3142 iactum
713 3078 827 3160 fuerit,
838 3076 1013 3167 probabilis
1027 3091 1060 3140 et
1075 3076 1194 3140 rationi

142 3197 339 3246 mesentanea
362 3198 470 3272 potest
497 3181 588 3247 reddi
615 3205 710 3248 causa
736 3206 744 3248 ε
771 3200 868 3272 atque
896 3183 961 3247 hoc
988 3179 1106 3261 modo,
1136 3180 1193 3267 qui

144 3285 290 3369 probabile
310 3304 468 3376 sequutus
489 3290 603 3370 fuerit,
621 3306 654 3354 et
670 3305 757 3353 recte
778 3313 812 3353 se
833 3303 939 3378 geret,
958 3303 990 3351 et
1007 3287 1192 3350 felicitatem

146 3409 345 3505 mequetmp.
353 3398 429 3462 Haec
438 3413 547 3462 autem
557 3399 890 3464 omnia‘vchementer
903 3412 982 3460 sunt
990 3393 1192 3459 Academica.

174 3568 206 3632 (1)
220 3572 286 3621 nne.
298 3574 342 3624 lib.
353 3576 403 3637 vl,
424 3591 448 3622 r.
463 3582 526 3634 ⁴⁰7·

177 3654 207 3719 (²)
222 3660 340 3710 Plutarch
352 3661 383 3710 de
395 3663 534 3711 Stoicorum
548 3665 689 3712 contraries
701 3680 756 3727 pag.
770 3663 849 3719 1036,
866 3680 889 3710 c.

178 3743 208 3804 (3)
223 3751 296 3800 Aesd.
311 3751 356 3799 lib.
370 3753 408 3810 11,
423 3767 477 3817 esp.
490 3768 533 3813 sy.

180 3829 210 3893 (l)
223 3837 341 3896 lithl,
355 3839 412 3888 adv.
425 3839 543 3890 Mathem.
556 3837 592 3899 (r.
602 3840 658 3889 adv.
668 3840 756 3904 Lep),
776 3850 835 3887 sect.
847 3839 905 3887 158.
