2640 5214
211 794 257 878 sl
594 789 918 858 mrnooueno.

210 912 363 981 convenit
375 909 433 998 (r).
453 939 468 966 ι
478 910 518 972 In
536 924 710 997 utramque
727 926 851 997 partem
868 930 946 973 eum
963 907 1122 973 disserere
1135 908 1294 987 solitum,

211 1038 248 1086 ut
267 1042 371 1108 quum
389 1017 425 1081 in
442 1014 556 1080 eadem
577 1038 629 1097 re,
650 1017 776 1104 inquit,
797 1017 884 1104 paria
900 1015 1069 1080 contrariis
1088 1015 1124 1079 in
1142 1017 1288 1104 partibus

209 1140 375 1191 momenta
392 1122 555 1186 rationum
575 1122 815 1198 invenirentur,
838 1121 961 1185 facilius
979 1122 1020 1185 ab
1038 1138 1178 1210 utraque
1195 1138 1281 1210 parte

209 1231 352 1295 assensio
372 1228 622 1292 sustineretur.»
639 1228 741 1314 Atqui
758 1228 826 1291 haec
844 1227 981 1315 sceptica
1000 1250 1065 1291 vox
1083 1244 1150 1308 est,
1167 1258 1180 1283 ι
1192 1230 1274 1293 omni
1315 1266 1318 1299 2

209 1336 326 1402 rationi
352 1333 434 1398 ratio
457 1332 517 1396 alia
540 1333 670 1419 aequalis
695 1333 802 1397 obstat
819 1356 862 1397 a:
890 1356 954 1420 qua
977 1354 1057 1396 voce
1083 1355 1153 1396 non
1178 1333 1269 1397 solum

211 1438 474 1529 comprehensio,
491 1437 596 1502 sedet
612 1439 820 1527 probabilitas
834 1439 942 1502 omnis
960 1437 1130 1502 evertitur.
1149 1438 1183 1503 Si
1198 1438 1267 1502 enim

210 1570 271 1636 pro
290 1547 444 1611 alterutra
460 1559 552 1631 parte
569 1544 700 1630 aequalis
719 1545 879 1608 momenti
897 1544 1039 1607 rationes
1060 1566 1176 1609 omnes
1191 1558 1266 1617 sunt,

214 1667 331 1717 neutra
345 1666 394 1715 est
411 1649 509 1713 altera
525 1649 732 1737 probabilior.
757 1650 879 1713 Tamen
899 1647 1151 1714 Ciceronianum
1165 1649 1225 1712 hoc
1239 1645 1267 1710 de

130 1792 137 1807 ·
214 1757 356 1825 Arcesila
380 1778 456 1821 cum
478 1777 535 1837 eo,
559 1754 649 1842 quod
674 1754 715 1818 de
738 1754 900 1819 veteribus
920 1753 1120 1821 Academicis
1146 1755 1266 1819 Galeam

214 1862 343 1945 scribit,
360 1861 436 1926 satis
452 1859 639 1923 concordat.
664 1859 717 1923 Ait
735 1859 822 1923 enim
840 1860 867 1923 is
893 1858 955 1946 (a),
975 1858 1225 1948 disputationem
1241 1857 1266 1919 in

216 1982 527 2056 utramquepartem
541 1963 574 2026 in
591 1964 738 2052 epochen
753 1964 900 2029 desinere
913 1989 932 2029 a
944 1964 1110 2029 veteribus
1124 1962 1267 2029 Academi·

213 2076 259 2141 cis
268 2075 490 2139 existimatam.
502 2071 596 2135 Certe
605 2071 769 2135 rationum
779 2071 935 2159 pondera,
946 2069 1037 2159 quod
1045 2072 1266 2160 perceptionem

213 2175 558 2270 spectat,Academicis
568 2175 866 2262 pariajudicantur:
878 2174 967 2263 quod
977 2174 1017 2240 ad
1031 2176 1267 2264 probabilitatem
1308 2258 1318 2275 h

215 2284 378 2372 fidemque
391 2279 570 2346 taciendam
580 2281 711 2363 attinet,
724 2282 790 2346 aliae
800 2282 869 2346 aliis
880 2282 1059 2346 rationibus
1069 2283 1269 2369 praeferuntur

216 2389 395 2476 majorique
420 2388 454 2451 in
482 2387 587 2475 pretio
612 2404 698 2452 sunt
727 2389 789 2453 Vix
813 2388 917 2470 enim,
944 2411 982 2452 ac
1009 2410 1051 2451 ne
1073 2388 1129 2453 vix
1156 2386 1268 2476 quidem

215 2493 448 2560 Academicum
464 2516 482 2557 a
499 2492 682 2581 Pyrrhonio
699 2492 882 2559 discernere
900 2494 1030 2575 liceret,
1047 2493 1074 2557 si
1092 2516 1154 2558 nec
1166 2490 1269 2559 Acade·

217 2601 321 2665 micus
342 2597 521 2687 quidquam
537 2598 600 2662 alio
620 2599 822 2686 probabilius
843 2597 998 2663 crederet.
1021 2599 1145 2661 Verum
1168 2598 1271 2662 dehac

217 2730 254 2771 re
271 2705 346 2771 satis
368 2706 469 2769 multa
492 2704 611 2768 dicturi
634 2726 758 2769 sumus.
788 2705 846 2767 llla
872 2720 998 2767 tantum
1022 2704 1155 2767 Euscbii
1178 2702 1222 2790 (3)
1242 2694 1274 2760 dt

218 2810 357 2876 Arcesila
366 2810 534 2889 addemus,
543 2831 614 2895 quae
623 2807 664 2871 de
674 2808 820 2895 Sceptico
830 2808 1089 2874 dictavidentur:
1101 2797 1277 2874 «Polemoni

220 2916 307 2979 enim
325 2914 499 2977 Arcesilam
514 2912 606 2975 aiunt
624 2913 832 2995 successisse,
849 2937 948 3001 quem
967 2915 1131 2978 memoriae
1148 2930 1196 2979 est
1212 2927 1278 3000 pro·

221 3019 344 3101 ditum,
361 3017 478 3081 relictis
502 3017 646 3083 Platonis
670 3018 824 3101 decretis,
841 3020 1044 3109 peregrinam
1067 3020 1281 3108 quantana

222 3145 354 3205 novam,
372 3145 427 3205 ae,
444 3122 493 3187 uti
510 3139 643 3205 vocant,
660 3123 837 3188 secundam
853 3125 1060 3191 Academiam
1075 3126 1283 3191 constituisse·

223 3228 348 3292 Dixisse
364 3228 468 3308 enim,
484 3227 518 3290 in
535 3229 686 3293 omnibus
703 3232 922 3295 assensionem
937 3233 1104 3295 continere
1119 3236 1286 3320 oportet&

224 3354 293 3397 esse
306 3333 393 3397 enim
408 3334 516 3397 omnia
529 3333 882 3423 incomprehensibilia,
898 3339 1106 3425 rationesque
1121 3360 1183 3427 pro
1197 3337 1290 3401 alter·

225 3453 297 3500 utra
308 3453 398 3526 parte
411 3437 540 3525 aequalis
555 3438 731 3502 momenti:
743 3439 869 3503 fallaces
881 3462 950 3504 esse
963 3463 1076 3505 sensus
1088 3458 1122 3507 et
1134 3442 1294 3506 rationess¹

226 3563 367 3606 omnem.
381 3540 547 3605 Laudabat
560 3541 659 3629 igitur
673 3542 804 3606 Hesiodi
820 3543 943 3607 dietum
957 3545 1039 3611 illud
1054 3568 1061 3608 :

343 3689 485 3759 Χρύψαντις
497 3688 547 3759 γὰρ
560 3690 641 3757 {zeum
655 3690 703 3744 brol
716 3691 768 3743 νόον
785 3692 951 3763 ἀνθρώποισιν.

365 3794 512 3859 Sapientiam
526 3795 592 3843 enim
604 3795 638 3843 dii
651 3796 792 3845 hominibus
804 3796 922 3849 celarunt.

226 3940 338 4006 Voluit
362 3937 458 4003 etiam
484 3955 517 4003 et
540 3939 704 4028 inopinata
727 3939 874 4028 quaedam
898 3964 935 4005 ac
960 3964 1044 4004 nova
1069 3942 1301 4010 introducere

226 4045 325 4136 (rel)
359 4045 525 4133 inopinata
552 4044 698 4133 quaedam
731 4045 882 4135 dogmata
908 4048 974 4127 jam
1005 4048 1153 4113 obsoleta
1189 4048 1318 4115 denu⁴

130 4200 133 4205 -
228 4171 399 4219 excitare».

262 4330 301 4396 (r)
319 4332 370 4378 Cic.
381 4330 457 4378 Acad.
472 4333 484 4378 1
497 4364 505 4389 ,
518 4345 572 4394 cap.
586 4331 628 4379 13.
698 4400 702 4409 1

262 4416 300 4481 (a)
318 4418 355 4467 De
368 4418 462 4482 optimo
477 4417 583 4465 docendi
595 4420 706 4480 Genera,
725 4433 779 4482 pag.
789 4426 852 4481 497,
866 4433 888 4468 a.

262 4506 301 4572 (3)
319 4507 453 4571 Proeer.
464 4506 509 4555 lib.
524 4507 595 4565 xtv,
609 4524 665 4573 cap.
676 4511 706 4569 15,
720 4523 776 4574 pag.
787 4508 876 4570 726,c
891 4517 914 4554 et
930 4507 956 4556 d.
