2678 4800
216 352 265 435 ιι
350 411 352 415 .
585 346 915 418 rurnonncrm.

219 460 343 550 ficiem,
360 483 398 531 ut
422 488 494 554 quae
511 466 684 532 incurrunt
702 484 734 531 et
757 488 817 530 nos
843 478 1000 554 tangunt,
1027 463 1121 527 facile
1146 465 1288 528 sentian-

220 592 285 640 tur.
302 574 513 660 Reliquorum
534 573 696 659 partium,
712 572 810 635 altera
830 569 950 635 dicitur
964 592 1084 650 semen,
1104 590 1179 660 quae
1195 570 1288 634 etiam

219 696 270 744 est
281 680 419 767 Spiritus
431 678 617 766 pertingens
632 678 673 741 ab
688 676 911 767 Hegemonico
924 675 966 739 ad
982 691 1170 763 parastatae.
1185 676 1291 739 Altera

219 808 315 875 ¹vero,
331 807 404 872 quae
420 806 439 847 a
455 785 586 848 Zenone
606 783 783 865 Plronacn,
808 781 842 845 id
860 796 929 862 est,
952 779 1094 860 vocalis,
1115 779 1204 845 dieta
1222 797 1289 858 est,

218 913 319 978 quam
338 904 371 952 et
390 888 534 970 Pliones,
549 887 583 952 id
601 905 666 970 est,
689 909 825 970 vocem,
842 886 973 967 dicunt,
994 901 1043 950 est
1059 886 1200 976 Spiritus
1217 909 1291 975 per·

222 995 350 1094 tingeps
375 994 416 1057 ab
443 993 667 1083 Hegemonico
689 991 862 1081 usquead
887 1007 1002 1082 guttur
1030 1006 1063 1056 et
1088 992 1234 1079 linguam
1260 1007 1291 1054 et

221 1099 464 1165 accommodata
473 1099 699 1163 instrumenta.
709 1130 722 1154 υ
734 1102 842 1187 Atque
853 1097 1032 1185 principem
1046 1095 1180 1184 quidem
1193 1096 1291 1159 animi

221 1221 365 1294 partem,
374 1205 618 1294 Hegemonicon
630 1204 845 1293 etLogismon
854 1201 989 1284 dictam,
1000 1202 1135 1291 proprio
1141 1203 1290 1282 nomine,

221 1310 309 1399 apud
326 1310 469 1393 Stoicos,
487 1308 794 1399 nrorxstav,indigitari
812 1308 939 1372 solitam
956 1308 1103 1372 Stoboeus
1121 1309 1231 1372 refert.
1248 1306 1292 1370 si-

221 1415 351 1504 gnificat
374 1433 484 1487 autem
509 1416 646 1480 verbum
663 1413 698 1478 id
725 1412 1004 1494 Gubernatn'cem,
1021 1413 1105 1495 sire,
1124 1411 1291 1479 Guberna-

219 1522 351 1604 tionem,
361 1521 424 1586 nisi
437 1537 629 1608 corruptum
639 1520 695 1602 sit,
708 1520 883 1608 potiusque
891 1524 1021 1590 διάνοιαν,
1036 1516 1146 1600 idest,
1159 1531 1292 1582 numm

222 1649 279 1691 seu
302 1630 548 1714 cogitationem,
568 1625 673 1714 legere
695 1639 854 1712 oporteat.
878 1622 993 1687 Sedent
1017 1639 1128 1687 autem
1147 1638 1182 1686 ct
1202 1624 1292 1710 quasi

222 1732 340 1796 solium
357 1732 440 1820 parti
457 1730 554 1813 huic,
571 1748 609 1795 ut
627 1730 713 1795 idem
735 1730 927 1795 Plutarchus
940 1728 988 1817 (ι)
1006 1729 1136 1810 scribit,
1162 1730 1197 1792 in
1222 1745 1293 1794 toto

223 1837 343 1919 eorde,
366 1854 423 1902 aut
441 1839 475 1900 in
492 1838 624 1925 spiritu,
640 1838 697 1924 qui
714 1837 799 1901 circa
814 1859 872 1901 cor
886 1852 950 1919 est,
966 1835 1194 1923 assignabant:
1209 1835 1293 1916 sire,

222 1957 261 2006 ut
273 1944 343 2031 ipse
362 1943 415 2007 hic
432 1943 648 2031 Philosophus
666 1943 728 2007 alio
742 1943 776 2006 in
792 1943 877 2007 libro
895 1941 945 2030 (2)
960 1940 1140 2030 significare
1153 1939 1294 2021 videtur,

222 2047 257 2110 in
271 2047 372 2136 ipsius
388 2047 494 2112 cordis
509 2047 617 2111 medio
632 2063 791 2119 centruet
807 2063 932 2135 puncto
951 2046 1117 2135 quodam,
1133 2069 1151 2110 a
1168 2068 1238 2134 quo
1253 2045 1295 2109 ad

223 2175 379 2218 sensuum
393 2153 627 2234 instrumenta,
645 2154 746 2217 veluti
763 2175 803 2219 cx
817 2154 905 2218 orbis
925 2153 1059 2233 alicujus
1080 2151 1186 2216 media
1204 2167 1296 2239 parte

222 2242 268 2325 ad¹
276 2278 448 2343 extremas,
460 2262 552 2350 quasi
563 2261 660 2343 radii,
680 2260 853 2326 ducantur.
865 2265 974 2349 Atque
987 2261 1028 2325 de
1040 2262 1102 2325 hac
1111 2259 1247 2349 quidem
1260 2282 1295 2323 re

136 2416 139 2421 ,
222 2366 309 2455 apud
327 2367 487 2432 Galenum
502 2365 572 2454 (3),
588 2366 733 2430 Platonis
746 2382 779 2431 et
796 2368 1019 2456 Hippocratis,
1035 2366 1141 2455 quiin
1159 2365 1295 2430 cerebro

224 2489 367 2536 mentem
395 2472 612 2551 collocarunt,
644 2470 795 2560 dogmata
824 2472 1094 2554 confirmantem,
1118 2493 1237 2560 magna
1258 2493 1296 2534 ac

223 2576 297 2664 plus
323 2576 399 2640 satis
419 2577 520 2665 longo
536 2599 685 2641 sermone
706 2579 821 2668 agitata
839 2578 1040 2667 disputatio,
1067 2579 1134 2642 sive
1149 2577 1296 2666 jurgium

222 2697 280 2744 est.
314 2681 383 2744 Nos
408 2697 516 2744 autem
547 2680 590 2746 ad
619 2682 823 2747 Academiam
855 2684 1057 2748 festinamus.
1085 2683 1185 2747 Aiunt
1215 2705 1295 2771 ergo

221 2785 322 2849 Stoici
343 2783 407 2873 (4),
434 2786 477 2850 ita
504 2787 603 2851 animi
623 2788 804 2876 principem
829 2805 971 2878 partem,
993 2806 1070 2853 nato
1101 2788 1210 2853 statim
1233 2789 1296 2851 ho·

223 2892 325 2973 mine,
348 2891 467 2956 habere
483 2894 583 2957 veluti
600 2895 821 2959 membranam
846 2898 1012 2984 seripturae
1030 2911 1173 2984 paratam
1188 2910 1297 2982 >atque

222 3014 459 3086 opportunam,
478 2999 511 3061 in
529 3022 593 3087 qua
611 3001 745 3088 singulm
763 3013 865 3082 ινιοιαι,
888 3001 1003 3079 idest,
1023 3001 1163 3082 notitiae,
1182 2999 1298 3064 inscri-

221 3103 350 3168 bantur.
367 3104 493 3168 Primus
509 3128 586 3170 vero
600 3108 818 3171 annotationis
835 3109 902 3171 sive
917 3107 1136 3195 inscriptionis
1154 3103 1295 3187 modus,

222 3232 379 3274 sensuum
395 3233 509 3299 opere,
527 3211 572 3276 lit.
584 3223 700 3281 Δῖσθισιν
715 3231 842 3298 autem,
860 3214 894 3278 id
911 3232 959 3279 est
969 3264 978 3291 ,
990 3237 1134 3295 sensum,
1148 3213 1194 3277 sie
1214 3210 1297 3276 deli·

223 3316 320 3380 niunt
338 3314 384 3404 (5)
398 3339 405 3380 :
423 3317 567 3382 «Sensus
581 3336 629 3383 est
640 3321 785 3384 sensorio
797 3322 880 3384 facta
895 3320 1110 3410 apprehensio
1124 3318 1190 3382 sive
1205 3339 1297 3381 com·

222 3421 432 3510 prehensio».
463 3423 613 3512 Namque
627 3435 780 3506 καταιηψις,
796 3425 830 3489 id
847 3442 912 3508 est,
925 3425 1154 3515 comprehensio
1172 3424 1236 3512 (ut
1249 3438 1299 3486 est

259 3737 297 3805 (r)
315 3739 426 3804 Dephc.
439 3739 530 3788 Philon.
543 3741 588 3790 lib.
603 3744 648 3800 lv,
666 3759 719 3807 cap.
732 3743 762 3800 5,
777 3759 833 3808 pag.
849 3746 917 3807 899,
934 3761 956 3792 a.

259 3826 298 3892 (a)
315 3828 353 3875 De
368 3828 542 3877 communibus
559 3829 660 3879 Notitiis
673 3830 790 3879 adversus
803 3833 908 3881 Stoicos.

261 3911 300 3979 (3)
318 3916 354 3961 De
364 3915 430 3979 plac.
441 3918 566 3981 Hippocr.
581 3928 606 3965 et
618 3917 679 3965 Pht.
692 3918 737 3968 lib.
748 3920 773 3966 11
784 3929 809 3966 et
819 3921 864 3967 111.

254 4002 293 4067 (t)
309 4002 430 4051 Plutarch.
441 4005 471 4053 de
483 4005 546 4070 plac.
557 4005 652 4055 Philos.
665 4005 710 4056 lib.
725 4007 770 4067 w,
781 4023 835 4071 cap.
849 4022 889 4068 ιι,
908 4021 963 4070 pag.
980 4021 1045 4067 quo,
1059 4005 1082 4052 b.

256 4090 292 4155 (5)
310 4090 373 4140 lb'nt
388 4109 443 4159 cap.
462 4094 491 4156 8,
509 4110 566 4159 pag.
584 4097 649 4159 899,
667 4111 690 4143 c.
