2640 5214
494 379 821 451 INTRODUCTIO.
1150 382 1189 455 15

118 500 322 566 difficultates
338 519 432 586 perne
447 520 561 563 omnes
577 497 805 587 expediuntur,
821 523 961 588 qusnun
977 502 1072 569 ceusu¹
1091 505 1192 569 inter·

123 623 226 698 preter
240 603 416 669 sententias
432 619 497 667 tam
514 602 654 684 diuersus
673 605 828 673 inierunt.

161 712 340 775 Veniemus
371 731 461 779 nunc
488 708 529 773 ud
562 710 750 798 posterioris
784 709 935 777 editionis
968 713 1129 779 rationem
1158 733 1192 780 et

134 839 255 881 cusam
282 816 363 879 Foru
386 813 520 902 quidem
543 815 676 898 Cicero,
702 831 859 905 utsupra
883 816 1043 899 diximus,
1068 820 1191 887 nullum

138 922 214 986 elram
234 920 345 1001 affert,
370 941 469 1007 quam
492 918 584 1009 quod
609 921 643 985 in
666 920 775 1009 priore
796 943 943 1009 persone
966 923 1191 1011 colloquentes

141 1051 233 1116 perum
243 1048 444 1092 cumrerum
459 1040 669 1091 tractaturum
686 1026 862 1095 subtilitate
884 1029 1098 1108 conveniant3
1120 1052 1190 1099 ιιοιι

146 1133 248 1221 quidem
265 1149 400 1221 propter
413 1154 529 1196 eorum
546 1137 712 1197 ἀπαιδευσίαν
730 1132 790 1219 (cf.
810 1154 860 1221 ep.
879 1133 957 1220 15);
971 1134 1006 1197 in
1016 1134 1191 1215 juventute

147 1239 210 1303 enim
221 1239 262 1303 illi
278 1237 519 1327 philosophiam
536 1238 724 1327 attigerant3
741 1237 799 1303 sed
815 1238 860 1304 ob
876 1239 1068 1312 eorumdem
1085 1242 1120 1307 in
1139 1244 1191 1309 ltis

147 1354 244 1424 ιιριιιιι,
264 1366 369 1432 quum
393 1341 474 1407 illud
498 1343 644 1407 studium
665 1343 827 1411 adultiore
850 1360 942 1409 setste
964 1347 1190 1434 neglexissent.

146 1450 209 1512 ltsi
221 1450 301 1514 henc
312 1449 414 1522 solnm
433 1448 503 1528 ejus
523 1448 570 1511 rei
586 1470 716 1513 causam
734 1465 903 1538 putemus,
921 1451 974 1515 isti
993 1451 1055 1539 ipsi
1075 1454 1190 1518 Cicero

147 1552 213 1619 facile
223 1555 384 1643 prooemiis
400 1553 518 1617 additis
533 1576 705 1619 occurrere
719 1570 863 1642 poteret,
880 1555 955 1625 siin
973 1557 1024 1622 his
1044 1556 1189 1625 Catulum

147 1673 170 1720 et
183 1660 331 1725 mullum
353 1683 395 1725 ex
416 1659 495 1723 olim
516 1661 655 1750 cognitis
677 1661 747 1725 brec
769 1662 1013 1729 reminiscentes
1036 1661 1190 1753 fingeret,

147 1780 174 1827 ut
188 1782 214 1830 ιι
233 1783 342 1856 postea
365 1767 407 1831 ab
430 1768 502 1856 ipso
524 1769 646 1832 factum
671 1784 705 1832 et
724 1767 892 1850 videmus,
918 1785 952 1833 et
971 1770 1121 1857 pluribus
1146 1772 1189 1837 cd

146 1869 284 1938 lucullum
302 1873 520 1938 monebimus.
538 1873 581 1937 Et
599 1873 657 1961 qui
673 1873 864 1939 Ciceronem
883 1876 1064 1941 accuratius
1083 1879 1188 1962 norit,

146 1975 164 2038 is
174 1977 246 2045 facile
261 1978 479 2060 confitebitur,
498 1979 630 2043 cessisse
645 1978 736 2045 hunc
750 1980 849 2045 seculi
865 1981 944 2045 vitio
960 1998 993 2047 et
1007 1995 1187 2049 πολιτευόντων

145 2102 211 2166 pene
226 2086 422 2167 necessitati,
436 2102 475 2149 ut
489 2083 570 2148 illud
586 2100 690 2171 poetae
707 2083 849 2166 dictum,
863 2084 897 2157 ός
911 2104 936 2164 χ’
954 2099 1033 2168 tereos
1049 2099 1092 2169 μιν
1109 2101 1186 2153 utto

145 2196 169 2248 ιι
182 2201 265 2270 μοι,
282 2202 343 2255 mo
361 2196 393 2255 u
409 2203 497 2268 este,
515 2189 604 2254 haud
621 2189 665 2254 its
681 2211 755 2254 raro
773 2190 807 2253 in
827 2191 934 2279 ipsum
952 2194 1055 2280 opteri
1075 2195 1185 2259 licente

143 2290 188 2357 hec
200 2315 300 2362 sutem
326 2298 360 2360 in
380 2320 414 2362 re
431 2298 482 2361 vel
499 2296 642 2360 severior
659 2295 762 2360 virtus
781 2297 916 2383 potioris
937 2298 1071 2363 rationis
1091 2297 1186 2363 dissi·

143 2401 322 2468 mundonem
336 2404 505 2467 excusarit.
522 2404 592 2466 lam
604 2423 682 2466 vero
698 2423 766 2465 non
781 2401 815 2465 in
831 2418 972 2485 mentem
988 2404 1113 2485 solum,
1128 2404 1186 2471 sed

143 2501 166 2564 iu
184 2509 281 2572 nudos
306 2508 417 2595 quusi,
443 2506 578 2595 insignis
606 2506 658 2571 illa
682 2505 854 2593 utriusque
878 2505 1050 2589 editionis,
1076 2509 1185 2596 quoad

142 2630 283 2677 usmetun
295 2612 469 2693 librorum,
480 2611 663 2676 differentia
672 2610 826 2692 incurrit,
841 2610 928 2675 unde
940 2613 1069 2701 gravior
1077 2615 1185 2703 aliqua

142 2735 227 2780 eorum
239 2717 425 2802 relictorum
441 2741 536 2780 causa
546 2716 663 2797 conjici
676 2738 741 2779 non
757 2717 827 2781 sine
836 2717 909 2796 jure
919 2739 1015 2803 posse
1027 2717 1183 2785 videatur.

141 2819 257 2889 Hsbilior
272 2842 360 2888 certe
373 2824 420 2887 sic
433 2847 543 2888 rerum
556 2824 775 2911 expositarum
788 2822 871 2887 ordo
885 2839 918 2887 et
930 2823 1042 2899 series,
1058 2848 1186 2897 earum·

141 2944 310 3009 quensturae
322 2929 579 3008 convenientior,
595 2945 761 2993 auctorem
777 2927 960 2992 invitaverit
975 2951 1106 2993 necesse
1118 2947 1185 3015 est,

140 3047 167 3094 ut
181 3033 264 3101 binos
288 3037 359 3100 illos
381 3037 480 3100 libros
502 3037 536 3099 in
560 3054 701 3122 quatuor
722 3033 841 3098 divisos
862 3035 967 3099 vellet.
993 3036 1032 3099 ld
1050 3036 1183 3124 quidem

138 3133 220 3221 ipsum
236 3160 421 3221 teneamus,
437 3158 490 3222 ut,
508 3165 574 3229 quo
589 3141 719 3221 tendet,
731 3141 841 3205 videre
857 3142 966 3223 liceat,
983 3144 1008 3207 si
1024 3143 1108 3209 lortc
1123 3146 1184 3209 lrac

139 3242 174 3307 tle
193 3247 243 3312 lux
268 3250 375 3337 eliqua
404 3249 496 3312 nobis
521 3249 610 3312 velut
632 3271 671 3312 ex
697 3249 874 3336 improviso
899 3250 1076 3316 oboriatur.
1107 3254 1184 3317 Esse

137 3367 224 3416 autem
247 3356 386 3418 maxime
411 3355 582 3419 verisimile
608 3352 756 3435 videtur,
789 3355 979 3419 Ciceronem
1017 3358 1049 3421 in
1076 3360 1184 3445 priore

138 3450 264 3523 binorum
295 3462 452 3525 librorum
479 3459 622 3524 editione
651 3461 740 3525 hunc
769 3484 878 3527 rerum
906 3462 1053 3529 ordinem
1084 3463 1183 3525 fnisse

136 3579 305 3649 sequutum,
322 3583 359 3629 ut
373 3567 473 3630 altero
490 3567 592 3648 libro,
610 3590 648 3631 ex
663 3589 730 3653 quo
742 3567 872 3649 brevem
891 3570 991 3631 totius
1004 3567 1183 3631 Academico

136 3663 359 3737 delineationem
372 3673 591 3761 praemisisset,
603 3672 776 3739 Carneadis
786 3674 978 3739 sententiam
992 3689 1183 3760 exponeret,

136 3770 215 3839 altero
232 3801 319 3858 eam,
340 3801 437 3865 quem
459 3779 527 3867 ipse
548 3778 760 3867 sequebatur,
781 3779 944 3858 Philonis,
963 3795 1000 3841 ut
1018 3780 1050 3840 in
1074 3780 1182 3843 lntro·

136 3873 265 3948 ductione
287 3884 328 3947 ad
354 3885 524 3948 Lucullum
550 3887 626 3949 satis
648 3883 764 3949 docere
791 3908 850 3949 nos
879 3907 973 3972 posse
999 3906 1181 3972 speramus,

134 4001 219 4070 toque
238 3988 374 4051 lectores
393 3988 588 4078 ablegamus.
617 3988 717 4072 Quod
739 3989 766 4052 si
788 3989 832 4052 ita
859 4003 923 4067 est,
945 3986 986 4051 de
1010 4013 1076 4076 quo
1101 3991 1185 4056 nilril

133 4083 436 4177 dubitamus,inh0c
446 4095 517 4184 ipso
525 4096 610 4163 forte
619 4117 715 4160 causa
726 4116 860 4182 quoque
869 4109 966 4161 tantae
977 4095 1010 4161 iu
1022 4097 1182 4165 librorum
