2640 5214
209 691 230 764 8
432 692 485 764 ΙΝ
509 692 755 765 CICERONlS
778 686 1050 765 ACADEMICA'

209 815 293 879 banc
311 812 530 878 monachicam
552 813 772 895 dialecticam,
793 812 851 878 sed
873 829 987 877 contra
1007 811 1082 878 talia
1098 811 1273 903 quidqom

208 941 367 1009 reponere
383 942 450 982 non
474 918 648 984 audemus!
671 921 746 985 Uno
767 919 916 1007 exemplo
931 917 972 982 ad
988 918 1132 1007 primum
1152 920 1269 986 Luculli

211 1040 416 1114 segmentum
433 1025 508 1088 satis
527 1025 628 1114 egisse
644 1026 740 1090 nobis
755 1025 915 1090 videmur.

252 1129 382 1213 Quibus
398 1131 580 1219 potioribus
593 1132 806 1221 interpretum
820 1131 870 1194 his
884 1130 927 1195 dc
939 1129 1030 1194 libris
1040 1129 1171 1212 judiciis
1187 1131 1273 1197 facile

209 1254 356 1302 nostrum
376 1236 613 1325 qualecumque
628 1236 703 1301 addi
720 1236 845 1318 liceret,
873 1236 934 1300 nisi
953 1258 1013 1299 nos
1033 1236 1065 1299 in
1091 1236 1201 1301 omnia
1217 1236 1274 1301 alia

208 1358 336 1431 raperet
351 1341 495 1423 libellus,
512 1344 595 1431 Aug.
613 1344 684 1407 Car.
703 1342 850 1406 Ranitzio
867 1355 999 1405 auctore
1014 1363 1121 1429 nuper
1134 1364 1176 1405 ex
1187 1341 1275 1431 Regii

207 1447 376 1514 Seminarii
390 1446 580 1538 Philologici
596 1448 768 1537 Lipsiensis
784 1448 854 1537 lege
870 1445 993 1528 editus,
1010 1446 1068 1533 qui
1079 1446 1275 1528 inscribitur,

209 1585 222 1612 ι
235 1556 276 1620 de
302 1556 392 1622 libris
423 1554 586 1620 Ciceronis
617 1553 816 1620 Academicis
848 1554 1096 1635 commentatio,
1126 1553 1277 1636 adjuncta

210 1661 428 1749 disputatione
450 1661 560 1726 critica
583 1658 624 1723 dc
646 1683 715 1748 cap.
734 1684 746 1723 1
773 1658 848 1723 libri
868 1660 899 1723 ll
920 1660 988 1723 Cic.
1009 1656 1276 1725 Academicorum

210 1769 355 1857 spurio».
376 1768 480 1857 Negat
501 1767 565 1831 hoc
588 1767 622 1829 in
648 1765 758 1830 libello
779 1781 909 1847 auctor,
935 1765 1099 1854 duplicem
1120 1788 1275 1856 umquam

211 1873 368 1938 exstitisse
381 1871 650 1938 Academicorum
666 1869 858 1954 editionem,
872 1872 1075 1959 probareque
1089 1873 1277 1955 connititur,

211 2001 277 2041 non
293 2002 332 2043 ex
346 1978 388 2042 lv
401 1976 667 2041 Academicorum
681 1975 770 2040 libris
786 1992 851 2040 tres
867 1977 1015 2065 periisse,
1029 1975 1132 2040 sedin
1146 1977 1278 2043 Lttcullo

210 2083 305 2170 plene
321 2084 368 2146 sic
384 2081 562 2162 contineri,
578 2097 615 2144 ut
624 2080 781 2144 secundus
791 2079 833 2144 ad
843 2080 941 2161 hujus
952 2104 981 2146 c.
999 2104 1053 2167 19,
1065 2086 1083 2162 S
1095 2082 1156 2162 643
1172 2086 1279 2148 terttits

210 2187 288 2252 inde
303 2187 344 2251 ad
360 2209 388 2252 c.
404 2185 490 2268 34,§
510 2208 588 2267 1¹23
607 2197 740 2274 quartus·
751 2183 891 2273 denique
903 2187 945 2250 ab
959 2186 1023 2251 hoc
1038 2186 1111 2251 loco
1124 2185 1165 2251 ad
1180 2186 1278 2253 finem

210 2315 315 2381 usque
331 2293 500 2380 pertineat.
518 2291 601 2373 Quae
616 2288 749 2379 quidem
762 2307 800 2354 ut
812 2312 887 2355 cum
904 2291 1056 2372 Lucullo,
1071 2292 1175 2378 qualis
1191 2313 1280 2357 nuuc

212 2396 348 2486 legitur,
382 2397 593 2478 conveniant,
621 2396 834 2460 Hulsemanni
866 2395 1036 2484 exemplo,
1065 2396 1163 2485 primi
1195 2397 1279 2461 illius

211 2503 369 2592 segmenti
403 2503 609 2591 interpolatio
643 2503 805 2590 pluribus.
824 2501 986 2566 statuitur.
1030 2503 1113 2584 Quae
1146 2503 1279 2590 quidem

211 2606 388 2696 disputatio
414 2608 561 2696 quamvis
588 2608 648 2671 soli
675 2607 894 2670 exercitationi
922 2607 1090 2670 inservisse
1112 2606 1280 2690 rideatur3

212 2737 317 2802 quum
336 2731 421 2795 tota,
440 2714 468 2776 si
485 2734 598 2777 verum
618 2710 784 2774 fatendum
801 2727 865 2792 est,
884 2710 966 2776 nihil
984 2713 1040 2794 sit,
1061 2713 1122 2776 nisi
1140 2716 1282 2794 σὲιιμχία

212 2814 378 2905 quaedam,
409 2817 544 2904 ejusque
576 2816 736 2896 rationes,
763 2817 790 2880 si
812 2815 925 2896 judicii
952 2818 1135 2882 maturioris
1167 2818 1281 2883 lumen

213 2921 411 3004 admoveris,
427 2923 585 2986 continuo
600 2944 714 2986 omnes
731 2921 925 2988 concidant:
942 2923 999 2988 sed
1013 2948 1117 3012 quum
1135 2924 1196 2988 alia
1213 2926 1281 3006 ejus

214 3043 404 3116 argumenta
424 3027 491 3090 veri
512 3027 651 3117 speciem
669 3028 826 3105 referant,
845 3029 903 3092 alia
921 3029 1089 3093 interiores
1106 3029 1281 3118 quasdam,

215 3147 253 3196 ut
263 3132 459 3215 refellantur,
469 3132 598 3197 notitias
611 3133 792 3221 requirant,
804 3134 897 3222 plura
907 3157 984 3198 vero
996 3134 1172 3222 speciosius
1184 3136 1282 3200 etiam

215 3236 361 3301 exornari
379 3236 522 3326 possint3
540 3237 618 3301 buic
636 3238 765 3326 tricipiti
781 3239 963 3319 sententiae,
981 3254 1140 3326 quantum
1156 3239 1282 3305 brevis·

214 3342 303 3407 simis
331 3342 422 3425 licet,
458 3342 696 3407 occurrendum
727 3343 821 3406 nobis
851 3366 921 3407 esse
950 3342 1183 3427 judicavimus,
1219 3345 1283 3410 nisi

216 3445 395 3512 deseruisse
412 3448 627 3537 provinciam,
644 3471 742 3536 quam
761 3448 977 3537 suscepimus,
994 3448 1096 3512 rideri
1113 3449 1282 3514 vellemus.

260 3555 385 3617 Auctor
397 3553 497 3640 igitur
507 3576 627 3640 quum,
640 3554 709 3617 ibas
723 3553 935 3642 interpretum
949 3554 1088 3619 rationes
1100 3555 1211 3619 multis
1225 3557 1284 3620 im·

213 3656 317 3747 pediti
329 3657 571 3723 difficultatibus
583 3658 921 3749 dubitationibusque,
937 3662 1132 3742 monuisset,
1145 3661 1282 3744 harum,

215 3763 277 3829 nisi
293 3763 413 3843 solam,
430 3781 517 3827 certe
536 3765 708 3828 maximam
725 3765 760 3827 in
777 3764 838 3829 illis
855 3765 1019 3829 Ciceronis
1037 3766 1143 3830 verbis
1160 3767 1286 3856 reperit

216 3895 267 3960 ep.
295 3892 335 3956 ¹9
352 3892 360 3934 ι
382 3899 395 3925 ι
410 3884 445 3932 tu
460 3869 546 3933 illam
560 3870 718 3949 jacturam
739 3871 821 3936 feres
844 3895 937 3960 aequo
957 3872 1084 3952 animo,
1104 3871 1194 3960 quod
1211 3873 1284 3956 illa,

215 4000 287 4064 quae
313 3975 413 4041 babes
436 3973 476 4039 de
501 3974 699 4040 Academicis
727 3977 953 4066 (prioribus),
977 3980 1096 4042 frustra
1120 3977 1285 4068 descripta

215 4099 294 4146 sunt
318 4081 460 4146 :multo
490 4096 599 4145 tamen
629 4082 699 4146 baec
728 4100 825 4147 erunt
849 4081 1084 4171 splendidiora,
1114 4084 1284 4168 breviora,

217 4185 381 4253 meliora».
409 4190 459 4252 Ex
483 4187 533 4251 his
553 4187 641 4251 enim
664 4186 731 4252 duo
756 4189 832 4269 ista,
856 4204 894 4252 ut
917 4190 1097 4254 luculenter
1121 4192 1285 4279 patentia,

216 4307 407 4377 ponuntur:
425 4295 568 4383 primum
584 4293 776 4359 Ciceronem
795 4295 889 4359 binos
908 4295 978 4359 illos
995 4296 1142 4384 priorum
1159 4295 1286 4361 Acade-

216 4395 374 4460 micorum
397 4398 495 4465 libros
514 4400 554 4466 ad
573 4401 734 4483 Atticum,
753 4402 810 4489 qui
828 4400 1011 4481 ederentur,
1033 4403 1168 4484 missos,
1191 4402 1285 4470 haud
