<?xml version="1.0" encoding="UTF-8"?>
<!DOCTYPE html PUBLIC "-//W3C//DTD XHTML 1.0 Transitional//EN"
    "http://www.w3.org/TR/xhtml1/DTD/xhtml1-transitional.dtd">
<html xmlns="http://www.w3.org/1999/xhtml" xml:lang="en" lang="en">
 <head>
  <title>
</title>
<meta http-equiv="Content-Type" content="text/html;charset=utf-8" />
  <meta name='ocr-system' content='tesseract 3.04.00' />
  <meta name='ocr-capabilities' content='ocr_page ocr_carea ocr_par ocr_line ocrx_word'/>
</head>
<body>
  <div class='ocr_page' id='page_1' title='image "bibliothecaclas50lemagoog_0019.png"; bbox 0 0 2640 5214; ppageno 0'>
   <div class='ocr_carea' id='block_1_1' title="bbox 183 793 916 865">
    <p class='ocr_par' dir='ltr' id='par_1_1' title="bbox 183 793 916 865">
     <span class='ocr_line' id='line_1_1' title="bbox 183 793 916 865; baseline 0.003 -4"><span class='ocrx_word' id='word_1_1' title='bbox 183 793 242 861; x_wconf 82' lang='lat' dir='ltr'>xiv</span> <span class='ocrx_word' id='word_1_2' title='bbox 509 796 641 865; x_wconf 85' lang='lat' dir='ltr'><strong>NOVI</strong></span> <span class='ocrx_word' id='word_1_3' title='bbox 670 796 916 865; x_wconf 85' lang='lat' dir='ltr'>EDITORlS</span> 
     </span>
    </p>
   </div>
   <div class='ocr_carea' id='block_1_2' title="bbox 124 909 1257 4670">
    <p class='ocr_par' dir='ltr' id='par_1_2' title="bbox 181 909 1256 1584">
     <span class='ocr_line' id='line_1_2' title="bbox 184 909 1256 1014; baseline -0.002 -31"><span class='ocrx_word' id='word_1_4' title='bbox 184 938 285 999; x_wconf 92' lang='lat' dir='ltr'>mus,</span> <span class='ocrx_word' id='word_1_5' title='bbox 302 916 366 1011; x_wconf 92' lang='lat' dir='ltr'>qui</span> <span class='ocrx_word' id='word_1_6' title='bbox 391 919 468 1011; x_wconf 87' lang='lat' dir='ltr'>ipse</span> <span class='ocrx_word' id='word_1_7' title='bbox 497 939 534 986; x_wconf 90' lang='lat' dir='ltr'>se</span> <span class='ocrx_word' id='word_1_8' title='bbox 557 915 642 987; x_wconf 90' lang='lat' dir='ltr'>huic</span> <span class='ocrx_word' id='word_1_9' title='bbox 667 918 847 1014; x_wconf 84' lang='lat' dir='ltr'>praecipue</span> <span class='ocrx_word' id='word_1_10' title='bbox 874 913 1053 986; x_wconf 85' lang='lat' dir='ltr'>studuisse</span> <span class='ocrx_word' id='word_1_11' title='bbox 1073 909 1256 999; x_wconf 83' lang='lat' dir='ltr'>declarat,</span> 
     </span>
     <span class='ocr_line' id='line_1_3' title="bbox 182 1024 1256 1128; baseline -0.004 -28"><span class='ocrx_word' id='word_1_12' title='bbox 182 1044 222 1100; x_wconf 92' lang='lat' dir='ltr'>ut</span> <span class='ocrx_word' id='word_1_13' title='bbox 236 1052 358 1099; x_wconf 89' lang='lat' dir='ltr'>rerum</span> <span class='ocrx_word' id='word_1_14' title='bbox 374 1031 502 1101; x_wconf 88' lang='lat' dir='ltr'>seriem</span> <span class='ocrx_word' id='word_1_15' title='bbox 525 1029 865 1128; x_wconf 75' lang='lat' dir='ltr'>philosophicaeque</span> <span class='ocrx_word' id='word_1_16' title='bbox 873 1033 1045 1100; x_wconf 89' lang='lat' dir='ltr'>Veterum</span> <span class='ocrx_word' id='word_1_17' title='bbox 1065 1024 1256 1096; x_wconf 78' lang='lat' dir='ltr'>doctrinas</span> 
     </span>
     <span class='ocr_line' id='line_1_4' title="bbox 182 1136 1256 1243; baseline -0.006 -27"><span class='ocrx_word' id='word_1_18' title='bbox 182 1141 366 1216; x_wconf 82' lang='lat' dir='ltr'><strong>enodaret.</strong></span> <span class='ocrx_word' id='word_1_19' title='bbox 388 1147 560 1216; x_wconf 79' lang='lat' dir='ltr'>Praeterea</span> <span class='ocrx_word' id='word_1_20' title='bbox 578 1136 699 1217; x_wconf 83' lang='lat' dir='ltr'>omnia</span> <span class='ocrx_word' id='word_1_21' title='bbox 722 1170 802 1243; x_wconf 85' lang='lat' dir='ltr'>quae</span> <span class='ocrx_word' id='word_1_22' title='bbox 821 1147 859 1215; x_wconf 91' lang='lat' dir='ltr'>in</span> <span class='ocrx_word' id='word_1_23' title='bbox 882 1145 1045 1241; x_wconf 84' lang='lat' dir='ltr'>priorum</span> <span class='ocrx_word' id='word_1_24' title='bbox 1068 1140 1256 1212; x_wconf 90' lang='lat' dir='ltr'>editorum</span> 
     </span>
     <span class='ocr_line' id='line_1_5' title="bbox 182 1254 1255 1353; baseline -0.003 -26"><span class='ocrx_word' id='word_1_25' title='bbox 182 1255 361 1343; x_wconf 86' lang='lat' dir='ltr'>Turnebi,</span> <span class='ocrx_word' id='word_1_26' title='bbox 383 1257 509 1347; x_wconf 83' lang='lat' dir='ltr'>Fabri,</span> <span class='ocrx_word' id='word_1_27' title='bbox 522 1260 672 1347; x_wconf 86' lang='lat' dir='ltr'>Oliveti,</span> <span class='ocrx_word' id='word_1_28' title='bbox 688 1261 837 1347; x_wconf 82' lang='lat' dir='ltr'>Davisii,</span> <span class='ocrx_word' id='word_1_29' title='bbox 850 1273 916 1330; x_wconf 89' lang='lat' dir='ltr'>etc.</span> <span class='ocrx_word' id='word_1_30' title='bbox 937 1254 1255 1353; x_wconf 82' lang='lat' dir='ltr'>disquisitionibus</span> 
     </span>
     <span class='ocr_line' id='line_1_6' title="bbox 181 1366 1255 1467; baseline -0.001 -26"><span class='ocrx_word' id='word_1_31' title='bbox 181 1366 281 1441; x_wconf 88' lang='lat' dir='ltr'>bona</span> <span class='ocrx_word' id='word_1_32' title='bbox 293 1372 368 1442; x_wconf 96' lang='lat' dir='ltr'>visa</span> <span class='ocrx_word' id='word_1_33' title='bbox 386 1388 489 1461; x_wconf 92' lang='lat' dir='ltr'>sunt,</span> <span class='ocrx_word' id='word_1_34' title='bbox 505 1373 613 1445; x_wconf 90' lang='lat' dir='ltr'>uobis</span> <span class='ocrx_word' id='word_1_35' title='bbox 629 1372 996 1457; x_wconf 84' lang='lat' dir='ltr'>accommodavimus,</span> <span class='ocrx_word' id='word_1_36' title='bbox 1015 1395 1082 1442; x_wconf 90' lang='lat' dir='ltr'>suo</span> <span class='ocrx_word' id='word_1_37' title='bbox 1096 1393 1255 1467; x_wconf 74' lang='lat' dir='ltr'>qumque</span> 
     </span>
     <span class='ocr_line' id='line_1_7' title="bbox 183 1482 1252 1584; baseline -0.002 -30"><span class='ocrx_word' id='word_1_38' title='bbox 183 1482 265 1555; x_wconf 93' lang='lat' dir='ltr'>loco</span> <span class='ocrx_word' id='word_1_39' title='bbox 279 1483 496 1575; x_wconf 84' lang='lat' dir='ltr'>relerentes;</span> <span class='ocrx_word' id='word_1_40' title='bbox 519 1512 584 1559; x_wconf 91' lang='lat' dir='ltr'>nec</span> <span class='ocrx_word' id='word_1_41' title='bbox 603 1512 685 1559; x_wconf 89' lang='lat' dir='ltr'>raro</span> <span class='ocrx_word' id='word_1_42' title='bbox 704 1490 868 1560; x_wconf 83' lang='lat' dir='ltr'>versione</span> <span class='ocrx_word' id='word_1_43' title='bbox 894 1486 1018 1584; x_wconf 87' lang='lat' dir='ltr'>gallica</span> <span class='ocrx_word' id='word_1_44' title='bbox 1038 1486 1093 1556; x_wconf 90' lang='lat' dir='ltr'>usi</span> <span class='ocrx_word' id='word_1_45' title='bbox 1112 1507 1252 1553; x_wconf 92' lang='lat' dir='ltr'>sumus.</span> 
     </span>
    </p>

    <p class='ocr_par' dir='ltr' id='par_1_3' title="bbox 183 1600 1257 2616">
     <span class='ocr_line' id='line_1_8' title="bbox 232 1600 1254 1700; baseline -0.004 -28"><span class='ocrx_word' id='word_1_46' title='bbox 232 1605 401 1698; x_wconf 88' lang='lat' dir='ltr'>Denique</span> <span class='ocrx_word' id='word_1_47' title='bbox 430 1628 477 1674; x_wconf 91' lang='lat' dir='ltr'>ne</span> <span class='ocrx_word' id='word_1_48' title='bbox 506 1604 596 1700; x_wconf 91' lang='lat' dir='ltr'>quid</span> <span class='ocrx_word' id='word_1_49' title='bbox 621 1604 761 1676; x_wconf 84' lang='lat' dir='ltr'>deesset</span> <span class='ocrx_word' id='word_1_50' title='bbox 791 1604 833 1675; x_wconf 89' lang='lat' dir='ltr'>ad</span> <span class='ocrx_word' id='word_1_51' title='bbox 862 1600 1109 1700; x_wconf 87' lang='lat' dir='ltr'>explicandam</span> <span class='ocrx_word' id='word_1_52' title='bbox 1137 1614 1254 1669; x_wconf 89' lang='lat' dir='ltr'>mate·</span> 
     </span>
     <span class='ocr_line' id='line_1_9' title="bbox 183 1714 1255 1813; baseline -0.003 -28"><span class='ocrx_word' id='word_1_53' title='bbox 183 1715 272 1785; x_wconf 83' lang='lat' dir='ltr'>riam</span> <span class='ocrx_word' id='word_1_54' title='bbox 290 1741 370 1813; x_wconf 87' lang='lat' dir='ltr'>quae</span> <span class='ocrx_word' id='word_1_55' title='bbox 385 1717 441 1788; x_wconf 92' lang='lat' dir='ltr'>his</span> <span class='ocrx_word' id='word_1_56' title='bbox 458 1720 495 1789; x_wconf 93' lang='lat' dir='ltr'>in</span> <span class='ocrx_word' id='word_1_57' title='bbox 515 1719 615 1790; x_wconf 91' lang='lat' dir='ltr'>libris</span> <span class='ocrx_word' id='word_1_58' title='bbox 630 1734 813 1806; x_wconf 88' lang='lat' dir='ltr'>tractatur,</span> <span class='ocrx_word' id='word_1_59' title='bbox 827 1732 864 1789; x_wconf 90' lang='lat' dir='ltr'>et</span> <span class='ocrx_word' id='word_1_60' title='bbox 876 1731 916 1788; x_wconf 91' lang='lat' dir='ltr'>ut</span> <span class='ocrx_word' id='word_1_61' title='bbox 927 1716 1013 1803; x_wconf 72' lang='lat' dir='ltr'>illac,</span> <span class='ocrx_word' id='word_1_62' title='bbox 1031 1740 1113 1811; x_wconf 84' lang='lat' dir='ltr'>quae</span> <span class='ocrx_word' id='word_1_63' title='bbox 1129 1714 1255 1784; x_wconf 62' lang='lat' dir='ltr'>multa.¹</span> 
     </span>
     <span class='ocr_line' id='line_1_10' title="bbox 184 1830 1256 1929; baseline -0.004 -30"><span class='ocrx_word' id='word_1_64' title='bbox 184 1843 221 1899; x_wconf 91' lang='lat' dir='ltr'>et</span> <span class='ocrx_word' id='word_1_65' title='bbox 243 1854 401 1927; x_wconf 77' lang='lat' dir='ltr'>maguae,</span> <span class='ocrx_word' id='word_1_66' title='bbox 427 1845 634 1929; x_wconf 90' lang='lat' dir='ltr'>temporum</span> <span class='ocrx_word' id='word_1_67' title='bbox 662 1831 816 1917; x_wconf 88' lang='lat' dir='ltr'>invidia,</span> <span class='ocrx_word' id='word_1_68' title='bbox 849 1832 888 1901; x_wconf 92' lang='lat' dir='ltr'>in</span> <span class='ocrx_word' id='word_1_69' title='bbox 916 1830 1098 1902; x_wconf 89' lang='lat' dir='ltr'>Ciceronis</span> <span class='ocrx_word' id='word_1_70' title='bbox 1126 1851 1256 1898; x_wconf 91' lang='lat' dir='ltr'>occur·</span> 
     </span>
     <span class='ocr_line' id='line_1_11' title="bbox 183 1943 1256 2043; baseline -0.001 -31"><span class='ocrx_word' id='word_1_71' title='bbox 183 1958 287 2031; x_wconf 90' lang='lat' dir='ltr'>runt,</span> <span class='ocrx_word' id='word_1_72' title='bbox 313 1945 450 2016; x_wconf 69' lang='lat' dir='ltr'>lacunae</span> <span class='ocrx_word' id='word_1_73' title='bbox 469 1947 724 2043; x_wconf 85' lang='lat' dir='ltr'>implerentur,</span> <span class='ocrx_word' id='word_1_74' title='bbox 747 1946 995 2018; x_wconf 88' lang='lat' dir='ltr'>doctissimum</span> <span class='ocrx_word' id='word_1_75' title='bbox 1023 1948 1060 2014; x_wconf 92' lang='grc' dir='ltr'>Ρ.</span> <span class='ocrx_word' id='word_1_76' title='bbox 1080 1943 1256 2013; x_wconf 84' lang='lat' dir='ltr'>Valentiae</span> 
     </span>
     <span class='ocr_line' id='line_1_12' title="bbox 185 2054 1255 2156; baseline -0.001 -30"><span class='ocrx_word' id='word_1_77' title='bbox 185 2079 299 2154; x_wconf 90' lang='lat' dir='ltr'>opus,</span> <span class='ocrx_word' id='word_1_78' title='bbox 320 2058 549 2146; x_wconf 88' lang='lat' dir='ltr'>Academica,</span> <span class='ocrx_word' id='word_1_79' title='bbox 569 2059 669 2156; x_wconf 91' lang='lat' dir='ltr'>qnod</span> <span class='ocrx_word' id='word_1_80' title='bbox 698 2061 819 2130; x_wconf 90' lang='lat' dir='ltr'>omnia</span> <span class='ocrx_word' id='word_1_81' title='bbox 846 2083 927 2155; x_wconf 85' lang='lat' dir='ltr'>quae</span> <span class='ocrx_word' id='word_1_82' title='bbox 954 2055 1001 2127; x_wconf 89' lang='lat' dir='ltr'>ad</span> <span class='ocrx_word' id='word_1_83' title='bbox 1026 2054 1255 2127; x_wconf 89' lang='lat' dir='ltr'>certitudinis</span> 
     </span>
     <span class='ocr_line' id='line_1_13' title="bbox 185 2170 1254 2270; baseline -0.001 -30"><span class='ocrx_word' id='word_1_84' title='bbox 185 2173 419 2266; x_wconf 70' lang='lat' dir='ltr'>quaestionem</span> <span class='ocrx_word' id='word_1_85' title='bbox 451 2173 548 2270; x_wconf 89' lang='lat' dir='ltr'>apud</span> <span class='ocrx_word' id='word_1_86' title='bbox 571 2177 720 2245; x_wconf 89' lang='lat' dir='ltr'>Veteres</span> <span class='ocrx_word' id='word_1_87' title='bbox 749 2173 930 2270; x_wconf 86' lang='lat' dir='ltr'>disputata</span> <span class='ocrx_word' id='word_1_88' title='bbox 958 2184 1043 2242; x_wconf 91' lang='lat' dir='ltr'>sunt</span> <span class='ocrx_word' id='word_1_89' title='bbox 1070 2170 1254 2256; x_wconf 89' lang='lat' dir='ltr'>continet,</span> 
     </span>
     <span class='ocr_line' id='line_1_14' title="bbox 186 2284 1256 2386; baseline -0.001 -33"><span class='ocrx_word' id='word_1_90' title='bbox 186 2286 299 2381; x_wconf 90' lang='lat' dir='ltr'>ipsius</span> <span class='ocrx_word' id='word_1_91' title='bbox 318 2289 501 2358; x_wconf 86' lang='lat' dir='ltr'>Ciceronis</span> <span class='ocrx_word' id='word_1_92' title='bbox 518 2288 739 2359; x_wconf 86' lang='lat' dir='ltr'>Academicis</span> <span class='ocrx_word' id='word_1_93' title='bbox 760 2287 1039 2386; x_wconf 70' lang='lat' dir='ltr'>praeposuimus,</span> <span class='ocrx_word' id='word_1_94' title='bbox 1067 2284 1256 2367; x_wconf 91' lang='lat' dir='ltr'>Durandi,</span> 
     </span>
     <span class='ocr_line' id='line_1_15' title="bbox 186 2399 1257 2502; baseline 0 -33"><span class='ocrx_word' id='word_1_95' title='bbox 186 2401 389 2501; x_wconf 80' lang='lat' dir='ltr'>Castillonis</span> <span class='ocrx_word' id='word_1_96' title='bbox 406 2401 633 2500; x_wconf 86' lang='lat' dir='ltr'>aliorumque</span> <span class='ocrx_word' id='word_1_97' title='bbox 653 2403 842 2502; x_wconf 88' lang='lat' dir='ltr'>exemplo;</span> <span class='ocrx_word' id='word_1_98' title='bbox 859 2418 894 2474; x_wconf 91' lang='lat' dir='ltr'>et</span> <span class='ocrx_word' id='word_1_99' title='bbox 907 2399 1104 2472; x_wconf 90' lang='lat' dir='ltr'>nonnullos</span> <span class='ocrx_word' id='word_1_100' title='bbox 1117 2404 1257 2470; x_wconf 86' lang='lat' dir='ltr'>Excur-</span> 
     </span>
     <span class='ocr_line' id='line_1_16' title="bbox 187 2516 1079 2616; baseline -0.001 -33"><span class='ocrx_word' id='word_1_101' title='bbox 187 2537 248 2584; x_wconf 90' lang='lat' dir='ltr'>sus</span> <span class='ocrx_word' id='word_1_102' title='bbox 265 2516 303 2585; x_wconf 91' lang='lat' dir='ltr'>in</span> <span class='ocrx_word' id='word_1_103' title='bbox 322 2518 609 2616; x_wconf 88' lang='lat' dir='ltr'>uniuscujusque</span> <span class='ocrx_word' id='word_1_104' title='bbox 628 2518 712 2589; x_wconf 90' lang='lat' dir='ltr'>libri</span> <span class='ocrx_word' id='word_1_105' title='bbox 724 2519 830 2589; x_wconf 87' lang='lat' dir='ltr'>calce</span> <span class='ocrx_word' id='word_1_106' title='bbox 849 2516 1079 2611; x_wconf 89' lang='lat' dir='ltr'>subjecimus.</span> 
     </span>
    </p>

    <p class='ocr_par' dir='ltr' id='par_1_4' title="bbox 147 2624 1256 3296">
     <span class='ocr_line' id='line_1_17' title="bbox 231 2624 1256 2729; baseline -0.006 -28"><span class='ocrx_word' id='word_1_107' title='bbox 231 2631 358 2720; x_wconf 90' lang='lat' dir='ltr'>Quum</span> <span class='ocrx_word' id='word_1_108' title='bbox 383 2656 467 2702; x_wconf 90' lang='lat' dir='ltr'>vero</span> <span class='ocrx_word' id='word_1_109' title='bbox 488 2632 668 2729; x_wconf 86' lang='lat' dir='ltr'>pleraeque</span> <span class='ocrx_word' id='word_1_110' title='bbox 687 2633 816 2701; x_wconf 71' lang='lat' dir='ltr'>criticae</span> <span class='ocrx_word' id='word_1_111' title='bbox 837 2645 951 2713; x_wconf 67' lang='lat' dir='ltr'>notae,</span> <span class='ocrx_word' id='word_1_112' title='bbox 971 2643 1011 2697; x_wconf 88' lang='lat' dir='ltr'>ut</span> <span class='ocrx_word' id='word_1_113' title='bbox 1035 2624 1256 2724; x_wconf 80' lang='lat' dir='ltr'>supradixi·</span> 
     </span>
     <span class='ocr_line' id='line_1_18' title="bbox 186 2739 1255 2833; baseline -0.003 -19"><span class='ocrx_word' id='word_1_114' title='bbox 186 2768 286 2833; x_wconf 87' lang='lat' dir='ltr'>mus,</span> <span class='ocrx_word' id='word_1_115' title='bbox 305 2771 350 2817; x_wconf 87' lang='lat' dir='ltr'>ex</span> <span class='ocrx_word' id='word_1_116' title='bbox 370 2747 553 2817; x_wconf 88' lang='lat' dir='ltr'>Goerenzii</span> <span class='ocrx_word' id='word_1_117' title='bbox 571 2745 730 2814; x_wconf 88' lang='lat' dir='ltr'>editione</span> <span class='ocrx_word' id='word_1_118' title='bbox 752 2743 888 2812; x_wconf 86' lang='lat' dir='ltr'>haustae</span> <span class='ocrx_word' id='word_1_119' title='bbox 908 2739 1063 2827; x_wconf 88' lang='lat' dir='ltr'>suerint,</span> <span class='ocrx_word' id='word_1_120' title='bbox 1092 2766 1160 2811; x_wconf 89' lang='lat' dir='ltr'>nec</span> <span class='ocrx_word' id='word_1_121' title='bbox 1185 2741 1255 2811; x_wconf 82' lang='lat' dir='ltr'>illae</span> 
     </span>
     <span class='ocr_line' id='line_1_19' title="bbox 187 2855 1255 2954; baseline -0.003 -26"><span class='ocrx_word' id='word_1_122' title='bbox 187 2855 290 2928; x_wconf 86' lang='lat' dir='ltr'>facile</span> <span class='ocrx_word' id='word_1_123' title='bbox 308 2857 457 2952; x_wconf 83' lang='lat' dir='ltr'>intelligi</span> <span class='ocrx_word' id='word_1_124' title='bbox 477 2858 635 2954; x_wconf 88' lang='lat' dir='ltr'>possint,</span> <span class='ocrx_word' id='word_1_125' title='bbox 661 2859 731 2926; x_wconf 90' lang='lat' dir='ltr'>nisi</span> <span class='ocrx_word' id='word_1_126' title='bbox 754 2857 846 2925; x_wconf 87' lang='lat' dir='ltr'>ratio</span> <span class='ocrx_word' id='word_1_127' title='bbox 865 2878 976 2951; x_wconf 86' lang='lat' dir='ltr'>quam</span> <span class='ocrx_word' id='word_1_128' title='bbox 999 2855 1059 2925; x_wconf 89' lang='lat' dir='ltr'>ille</span> <span class='ocrx_word' id='word_1_129' title='bbox 1078 2855 1197 2925; x_wconf 91' lang='lat' dir='ltr'>editor</span> <span class='ocrx_word' id='word_1_130' title='bbox 1215 2857 1255 2925; x_wconf 94' lang='lat' dir='ltr'>in</span> 
     </span>
     <span class='ocr_line' id='line_1_20' title="bbox 188 2967 1255 3067; baseline -0.001 -28"><span class='ocrx_word' id='word_1_131' title='bbox 188 2973 238 3039; x_wconf 90' lang='lat' dir='ltr'>eis</span> <span class='ocrx_word' id='word_1_132' title='bbox 248 2969 447 3040; x_wconf 91' lang='lat' dir='ltr'>scribendis</span> <span class='ocrx_word' id='word_1_133' title='bbox 462 2971 591 3056; x_wconf 88' lang='lat' dir='ltr'>tenuit,</span> <span class='ocrx_word' id='word_1_134' title='bbox 605 2984 642 3041; x_wconf 90' lang='lat' dir='ltr'>et</span> <span class='ocrx_word' id='word_1_135' title='bbox 655 2995 696 3040; x_wconf 89' lang='lat' dir='ltr'>ea</span> <span class='ocrx_word' id='word_1_136' title='bbox 709 2968 924 3067; x_wconf 87' lang='lat' dir='ltr'>compendia</span> <span class='ocrx_word' id='word_1_137' title='bbox 934 2970 1068 3066; x_wconf 92' lang='lat' dir='ltr'>quibus</span> <span class='ocrx_word' id='word_1_138' title='bbox 1081 2967 1255 3064; x_wconf 84' lang='lat' dir='ltr'>frequen-</span> 
     </span>
     <span class='ocr_line' id='line_1_21' title="bbox 188 3082 1253 3181; baseline 0 -29"><span class='ocrx_word' id='word_1_139' title='bbox 188 3082 320 3153; x_wconf 88' lang='lat' dir='ltr'>tissime</span> <span class='ocrx_word' id='word_1_140' title='bbox 337 3085 375 3152; x_wconf 95' lang='lat' dir='ltr'>in</span> <span class='ocrx_word' id='word_1_141' title='bbox 391 3082 621 3181; x_wconf 85' lang='lat' dir='ltr'>designandis</span> <span class='ocrx_word' id='word_1_142' title='bbox 636 3088 722 3156; x_wconf 89' lang='lat' dir='ltr'>MSS</span> <span class='ocrx_word' id='word_1_143' title='bbox 745 3099 781 3155; x_wconf 90' lang='lat' dir='ltr'>et</span> <span class='ocrx_word' id='word_1_144' title='bbox 802 3083 881 3155; x_wconf 89' lang='lat' dir='ltr'>edd.</span> <span class='ocrx_word' id='word_1_145' title='bbox 896 3110 983 3156; x_wconf 92' lang='lat' dir='ltr'>usus</span> <span class='ocrx_word' id='word_1_146' title='bbox 1001 3098 1072 3169; x_wconf 90' lang='lat' dir='ltr'>cst,</span> <span class='ocrx_word' id='word_1_147' title='bbox 1094 3085 1178 3154; x_wconf 89' lang='lat' dir='ltr'>satis</span> <span class='ocrx_word' id='word_1_148' title='bbox 1195 3083 1253 3152; x_wconf 91' lang='lat' dir='ltr'>in-</span> 
     </span>
     <span class='ocr_line' id='line_1_22' title="bbox 147 3195 1228 3296; baseline 0.002 -31"><span class='ocrx_word' id='word_1_149' title='bbox 147 3260 150 3265; x_wconf 88' lang='lat'>.</span> <span class='ocrx_word' id='word_1_150' title='bbox 189 3210 395 3283; x_wconf 90' lang='lat' dir='ltr'>notescant;</span> <span class='ocrx_word' id='word_1_151' title='bbox 416 3222 531 3296; x_wconf 89' lang='lat' dir='ltr'>panca</span> <span class='ocrx_word' id='word_1_152' title='bbox 545 3199 745 3270; x_wconf 89' lang='lat' dir='ltr'>inseremus</span> <span class='ocrx_word' id='word_1_153' title='bbox 758 3224 803 3272; x_wconf 83' lang='lat' dir='ltr'>ex</span> <span class='ocrx_word' id='word_1_154' title='bbox 817 3198 978 3294; x_wconf 90' lang='lat' dir='ltr'>ejusdem</span> <span class='ocrx_word' id='word_1_155' title='bbox 996 3195 1203 3295; x_wconf 84' lang='lat' dir='ltr'>praefatione</span> <span class='ocrx_word' id='word_1_156' title='bbox 1220 3226 1228 3267; x_wconf 92' lang='lat'><strong>:</strong></span> 
     </span>
    </p>

    <p class='ocr_par' dir='ltr' id='par_1_5' title="bbox 190 3311 1255 3612">
     <span class='ocr_line' id='line_1_23' title="bbox 237 3311 1255 3412; baseline 0.003 -35"><span class='ocrx_word' id='word_1_157' title='bbox 237 3313 391 3382; x_wconf 73' lang='lat' dir='ltr'>«Textui</span> <span class='ocrx_word' id='word_1_158' title='bbox 405 3312 660 3384; x_wconf 86' lang='lat' dir='ltr'>constituendo</span> <span class='ocrx_word' id='word_1_159' title='bbox 677 3313 721 3384; x_wconf 86' lang='lat' dir='ltr'>ad</span> <span class='ocrx_word' id='word_1_160' title='bbox 744 3314 903 3412; x_wconf 91' lang='lat' dir='ltr'>priorem</span> <span class='ocrx_word' id='word_1_161' title='bbox 926 3311 1061 3382; x_wconf 92' lang='lat' dir='ltr'>librum</span> <span class='ocrx_word' id='word_1_162' title='bbox 1083 3326 1255 3407; x_wconf 88' lang='lat' dir='ltr'>quatuor,</span> 
     </span>
     <span class='ocr_line' id='line_1_24' title="bbox 190 3421 1254 3523; baseline 0.002 -31"><span class='ocrx_word' id='word_1_163' title='bbox 190 3421 235 3493; x_wconf 94' lang='lat' dir='ltr'>ad</span> <span class='ocrx_word' id='word_1_164' title='bbox 251 3427 488 3522; x_wconf 85' lang='lat' dir='ltr'>posteriorem</span> <span class='ocrx_word' id='word_1_165' title='bbox 502 3428 666 3523; x_wconf 92' lang='lat' dir='ltr'>quinque</span> <span class='ocrx_word' id='word_1_166' title='bbox 681 3426 847 3498; x_wconf 91' lang='lat' dir='ltr'>codicum</span> <span class='ocrx_word' id='word_1_167' title='bbox 863 3423 1025 3496; x_wconf 90' lang='lat' dir='ltr'>noudum</span> <span class='ocrx_word' id='word_1_168' title='bbox 1039 3424 1254 3495; x_wconf 90' lang='lat' dir='ltr'>collatorum</span> 
     </span>
     <span class='ocr_line' id='line_1_25' title="bbox 190 3537 621 3612; baseline 0.007 -4"><span class='ocrx_word' id='word_1_169' title='bbox 190 3537 364 3611; x_wconf 90' lang='lat' dir='ltr'>lectiones</span> <span class='ocrx_word' id='word_1_170' title='bbox 378 3540 621 3612; x_wconf 90' lang='lat' dir='ltr'>adhibuimus.</span> 
     </span>
    </p>

    <p class='ocr_par' dir='ltr' id='par_1_6' title="bbox 124 3655 1255 4670">
     <span class='ocr_line' id='line_1_26' title="bbox 238 3655 1254 3755; baseline 0 -29"><span class='ocrx_word' id='word_1_171' title='bbox 238 3686 255 3720; x_wconf 78' lang='lat' dir='ltr'>v</span> <span class='ocrx_word' id='word_1_172' title='bbox 281 3656 579 3752; x_wconf 84' lang='lat' dir='ltr'>1⁰Fmgmentum</span> <span class='ocrx_word' id='word_1_173' title='bbox 604 3659 753 3743; x_wconf 91' lang='lat' dir='ltr'>codicis,</span> <span class='ocrx_word' id='word_1_174' title='bbox 774 3656 873 3755; x_wconf 94' lang='lat' dir='ltr'>quod</span> <span class='ocrx_word' id='word_1_175' title='bbox 900 3659 952 3728; x_wconf 90' lang='lat' dir='ltr'>sic</span> <span class='ocrx_word' id='word_1_176' title='bbox 974 3655 1254 3752; x_wconf 85' lang='lat' dir='ltr'>appellavimus,</span> 
     </span>
     <span class='ocr_line' id='line_1_27' title="bbox 189 3767 1255 3866; baseline 0 -27"><span class='ocrx_word' id='word_1_177' title='bbox 189 3792 304 3866; x_wconf 91' lang='lat' dir='ltr'>quum</span> <span class='ocrx_word' id='word_1_178' title='bbox 323 3768 382 3840; x_wconf 92' lang='lat' dir='ltr'>hic</span> <span class='ocrx_word' id='word_1_179' title='bbox 401 3769 493 3840; x_wconf 88' lang='lat' dir='ltr'>liber</span> <span class='ocrx_word' id='word_1_180' title='bbox 512 3769 558 3839; x_wconf 91' lang='lat' dir='ltr'>ab</span> <span class='ocrx_word' id='word_1_181' title='bbox 576 3772 678 3841; x_wconf 90' lang='lat' dir='ltr'>initio</span> <span class='ocrx_word' id='word_1_182' title='bbox 696 3786 733 3842; x_wconf 87' lang='lat' dir='ltr'>et</span> <span class='ocrx_word' id='word_1_183' title='bbox 754 3768 862 3840; x_wconf 87' lang='lat' dir='ltr'>afine</span> <span class='ocrx_word' id='word_1_184' title='bbox 881 3767 1029 3838; x_wconf 91' lang='lat' dir='ltr'>mutilus</span> <span class='ocrx_word' id='word_1_185' title='bbox 1042 3784 1136 3839; x_wconf 88' lang='lat' dir='ltr'>esset</span> <span class='ocrx_word' id='word_1_186' title='bbox 1153 3769 1255 3863; x_wconf 85' lang='lat' dir='ltr'>(inci-</span> 
     </span>
     <span class='ocr_line' id='line_1_28' title="bbox 190 3882 1253 3981; baseline 0 -27"><span class='ocrx_word' id='word_1_187' title='bbox 190 3887 244 3981; x_wconf 88' lang='lat' dir='ltr'>pit</span> <span class='ocrx_word' id='word_1_188' title='bbox 262 3886 281 3978; x_wconf 68' lang='grc'>5</span> <span class='ocrx_word' id='word_1_189' title='bbox 305 3909 324 3981; x_wconf 89' lang='lat'>7</span> <span class='ocrx_word' id='word_1_190' title='bbox 347 3882 430 3953; x_wconf 90' lang='lat' dir='ltr'>libri</span> <span class='ocrx_word' id='word_1_191' title='bbox 448 3890 486 3971; x_wconf 91' lang='lat'>1,</span> <span class='ocrx_word' id='word_1_192' title='bbox 506 3900 543 3955; x_wconf 86' lang='lat' dir='ltr'>et</span> <span class='ocrx_word' id='word_1_193' title='bbox 562 3883 683 3956; x_wconf 86' lang='lat' dir='ltr'>deficit</span> <span class='ocrx_word' id='word_1_194' title='bbox 697 3883 791 3956; x_wconf 90' lang='lat' dir='ltr'>libro</span> <span class='ocrx_word' id='word_1_195' title='bbox 805 3885 898 3977; x_wconf 79' lang='lat'>11,§</span> <span class='ocrx_word' id='word_1_196' title='bbox 923 3882 1021 3979; x_wconf 80' lang='lat'>131),</span> <span class='ocrx_word' id='word_1_197' title='bbox 1040 3907 1161 3979; x_wconf 91' lang='lat' dir='ltr'>neque</span> <span class='ocrx_word' id='word_1_198' title='bbox 1181 3884 1253 3954; x_wconf 88' lang='lat' dir='ltr'>nlla</span> 
     </span>
     <span class='ocr_line' id='line_1_29' title="bbox 124 3995 1254 4095; baseline 0.002 -28"><span class='ocrx_word' id='word_1_199' title='bbox 124 4042 127 4046; x_wconf 89' lang='lat'><strong>·</strong></span> <span class='ocrx_word' id='word_1_200' title='bbox 190 4013 278 4068; x_wconf 86' lang='lat' dir='ltr'>nota</span> <span class='ocrx_word' id='word_1_201' title='bbox 296 3997 585 4095; x_wconf 82' lang='lat' dir='ltr'>distingueretur.</span> <span class='ocrx_word' id='word_1_202' title='bbox 596 3997 748 4069; x_wconf 88' lang='lat' dir='ltr'>Allatum</span> <span class='ocrx_word' id='word_1_203' title='bbox 764 3996 808 4068; x_wconf 90' lang='lat' dir='ltr'>ad</span> <span class='ocrx_word' id='word_1_204' title='bbox 819 4022 885 4068; x_wconf 92' lang='lat' dir='ltr'>nos</span> <span class='ocrx_word' id='word_1_205' title='bbox 893 4012 947 4068; x_wconf 92' lang='lat' dir='ltr'>est</span> <span class='ocrx_word' id='word_1_206' title='bbox 959 4022 1002 4068; x_wconf 85' lang='lat' dir='ltr'>ex</span> <span class='ocrx_word' id='word_1_207' title='bbox 1011 3997 1128 4081; x_wconf 89' lang='lat' dir='ltr'>Italia,</span> <span class='ocrx_word' id='word_1_208' title='bbox 1139 3995 1254 4069; x_wconf 85' lang='lat' dir='ltr'>forma</span> 
     </span>
     <span class='ocr_line' id='line_1_30' title="bbox 189 4111 1254 4211; baseline 0.002 -30"><span class='ocrx_word' id='word_1_209' title='bbox 189 4111 381 4206; x_wconf 84' lang='lat' dir='ltr'>quadrata,</span> <span class='ocrx_word' id='word_1_210' title='bbox 395 4117 572 4211; x_wconf 88' lang='lat' dir='ltr'>scriptura</span> <span class='ocrx_word' id='word_1_211' title='bbox 583 4136 743 4198; x_wconf 87' lang='lat' dir='ltr'>romana,</span> <span class='ocrx_word' id='word_1_212' title='bbox 752 4112 863 4184; x_wconf 88' lang='lat' dir='ltr'>literis</span> <span class='ocrx_word' id='word_1_213' title='bbox 876 4113 1036 4199; x_wconf 90' lang='lat' dir='ltr'>minutis,</span> <span class='ocrx_word' id='word_1_214' title='bbox 1048 4111 1150 4182; x_wconf 91' lang='lat' dir='ltr'>lineis</span> <span class='ocrx_word' id='word_1_215' title='bbox 1161 4114 1254 4207; x_wconf 86' lang='lat' dir='ltr'>stylo</span> 
     </span>
     <span class='ocr_line' id='line_1_31' title="bbox 191 4223 1253 4315; baseline 0.002 -20"><span class='ocrx_word' id='word_1_216' title='bbox 191 4223 320 4315; x_wconf 88' lang='lat' dir='ltr'>ductis,</span> <span class='ocrx_word' id='word_1_217' title='bbox 335 4228 453 4300; x_wconf 90' lang='lat' dir='ltr'>verbis</span> <span class='ocrx_word' id='word_1_218' title='bbox 466 4226 564 4300; x_wconf 90' lang='lat' dir='ltr'>haud</span> <span class='ocrx_word' id='word_1_219' title='bbox 580 4253 662 4299; x_wconf 89' lang='lat' dir='ltr'>raro</span> <span class='ocrx_word' id='word_1_220' title='bbox 677 4228 769 4298; x_wconf 89' lang='lat' dir='ltr'>male</span> <span class='ocrx_word' id='word_1_221' title='bbox 783 4227 840 4297; x_wconf 91' lang='lat' dir='ltr'>vel</span> <span class='ocrx_word' id='word_1_222' title='bbox 856 4229 975 4314; x_wconf 86' lang='lat' dir='ltr'>nexis,</span> <span class='ocrx_word' id='word_1_223' title='bbox 987 4225 1043 4297; x_wconf 90' lang='lat' dir='ltr'>vel</span> <span class='ocrx_word' id='word_1_224' title='bbox 1057 4226 1253 4314; x_wconf 88' lang='lat' dir='ltr'>distractis,</span> 
     </span>
     <span class='ocr_line' id='line_1_32' title="bbox 190 4341 1254 4439; baseline 0.005 -31"><span class='ocrx_word' id='word_1_225' title='bbox 190 4361 406 4437; x_wconf 87' lang='lat' dir='ltr'>pergamena</span> <span class='ocrx_word' id='word_1_226' title='bbox 423 4344 514 4416; x_wconf 91' lang='lat' dir='ltr'>male</span> <span class='ocrx_word' id='word_1_227' title='bbox 533 4367 631 4430; x_wconf 81' lang='lat' dir='ltr'>rasa3</span> <span class='ocrx_word' id='word_1_228' title='bbox 644 4341 888 4439; x_wconf 89' lang='lat' dir='ltr'>omnibusque</span> <span class='ocrx_word' id='word_1_229' title='bbox 902 4342 1051 4439; x_wconf 90' lang='lat' dir='ltr'>reliquis</span> <span class='ocrx_word' id='word_1_230' title='bbox 1065 4342 1172 4438; x_wconf 90' lang='lat' dir='ltr'>signis</span> <span class='ocrx_word' id='word_1_231' title='bbox 1189 4368 1254 4413; x_wconf 84' lang='lat' dir='ltr'>sae·</span> 
     </span>
     <span class='ocr_line' id='line_1_33' title="bbox 191 4454 1254 4557; baseline 0.002 -31"><span class='ocrx_word' id='word_1_232' title='bbox 191 4454 313 4526; x_wconf 92' lang='lat' dir='ltr'>culum</span> <span class='ocrx_word' id='word_1_233' title='bbox 334 4462 402 4527; x_wconf 84' lang='lat' dir='ltr'>xll</span> <span class='ocrx_word' id='word_1_234' title='bbox 422 4483 495 4555; x_wconf 67' lang='lat' dir='ltr'>prae</span> <span class='ocrx_word' id='word_1_235' title='bbox 515 4485 553 4532; x_wconf 90' lang='lat' dir='ltr'>se</span> <span class='ocrx_word' id='word_1_236' title='bbox 576 4456 705 4532; x_wconf 83' lang='lat' dir='ltr'>ferens.</span> <span class='ocrx_word' id='word_1_237' title='bbox 722 4464 799 4531; x_wconf 90' lang='lat' dir='ltr'>Hoc</span> <span class='ocrx_word' id='word_1_238' title='bbox 819 4459 1008 4557; x_wconf 88' lang='lat' dir='ltr'>proprium</span> <span class='ocrx_word' id='word_1_239' title='bbox 1030 4457 1105 4552; x_wconf 87' lang='lat' dir='ltr'>(vel</span> <span class='ocrx_word' id='word_1_240' title='bbox 1131 4460 1254 4554; x_wconf 91' lang='lat' dir='ltr'>potius</span> 
     </span>
     <span class='ocr_line' id='line_1_34' title="bbox 193 4570 1255 4670; baseline 0.002 -29"><span class='ocrx_word' id='word_1_241' title='bbox 193 4594 277 4641; x_wconf 92' lang='lat' dir='ltr'>cum</span> <span class='ocrx_word' id='word_1_242' title='bbox 307 4570 403 4644; x_wconf 90' lang='lat' dir='ltr'>illius</span> <span class='ocrx_word' id='word_1_243' title='bbox 430 4575 541 4647; x_wconf 84' lang='lat' dir='ltr'>aetatis</span> <span class='ocrx_word' id='word_1_244' title='bbox 574 4574 680 4648; x_wconf 91' lang='lat' dir='ltr'>codd.</span> <span class='ocrx_word' id='word_1_245' title='bbox 709 4575 923 4669; x_wconf 74' lang='lat' dir='ltr'>commune)</span> <span class='ocrx_word' id='word_1_246' title='bbox 949 4571 1078 4660; x_wconf 88' lang='lat' dir='ltr'>habet,</span> <span class='ocrx_word' id='word_1_247' title='bbox 1097 4585 1138 4642; x_wconf 92' lang='lat' dir='ltr'>ut</span> <span class='ocrx_word' id='word_1_248' title='bbox 1161 4596 1255 4670; x_wconf 77' lang='lat' dir='ltr'>supe</span> 
     </span>
    </p>
   </div>
   <div class='ocr_carea' id='block_1_3' title="bbox 0 0 1331 5204">
    <p class='ocr_par' dir='ltr' id='par_1_7' title="bbox 0 0 1331 5204">
     <span class='ocr_line' id='line_1_35' title="bbox 0 0 1331 5204; baseline 0 0"><span class='ocrx_word' id='word_1_249' title='bbox 0 0 1331 5204; x_wconf 95' lang='lat' dir='ltr'> </span> 
     </span>
    </p>
   </div>
  </div>
 </body>
</html>
