2640 5214
128 774 174 855 Aa
501 769 833 838 lNTllODUCTIO.

125 894 212 957 bus:
233 891 275 956 de
291 914 358 979 qua
379 892 475 955 etiam
498 914 567 955 non
586 913 689 980 pauca
708 890 855 954 invenies
875 888 965 977 apud
986 890 1149 953 bertium
1164 892 1191 953 in

126 997 390 1086 Pyrrhonis'rita.
408 996 502 1061 Gellii
516 1020 667 1085 quoque,
683 997 750 1060 sive
762 995 894 1085 Agellii,
909 994 1048 1084 caputb
1066 994 1121 1061 lib.
1135 996 1190 1077 Xl,

125 1104 168 1169 de
186 1103 375 1192 Pyrrhoniis
400 1104 550 1168 consulas
571 1105 663 1186 licet,
683 1126 751 1168 non
775 1120 883 1167 mmen
906 1118 946 1167 ut
966 1102 1188 1185 thiferentian,

124 1232 226 1299 quam
236 1210 326 1275 inter
338 1210 551 1275 Academicos
564 1228 597 1275 et
611 1211 812 1299 Pyrrhonios
823 1210 891 1300 ipse
903 1208 1062 1300 assignat,
1073 1210 1187 1299 proba

125 1349 138 1374 ι
151 1316 252 1398 Quod
263 1316 449 1382 Academici
466 1316 617 1405 quidem,
633 1318 758 1405 inquit,
774 1318 882 1405 ipsum
893 1316 991 1399 illud,
1007 1316 1090 1381 nihil
1105 1338 1185 1405 posse

126 1421 375 1511 comprehendi,
388 1424 479 1510 quasi
494 1423 795 1512 comprehendunt,
810 1440 843 1487 et
856 1422 936 1486 nihil
946 1444 1046 1512 posse
1056 1422 1183 1503 decerni,

126 1529 219 1617 quasi
236 1528 438 1594 decernunt:
453 1529 628 1617 Pyrrhonii
647 1552 689 1593 ne
705 1527 740 1592 id
752 1527 886 1616 quidem
902 1527 972 1592 ullo
987 1544 1085 1617 pacto
1098 1526 1182 1593 videi

127 1656 241 1697 verum
262 1632 396 1714 dicunt,
417 1632 508 1721 quod
534 1633 624 1697 Nihil
649 1655 720 1697 esse
742 1654 856 1697 verum
881 1629 1022 1695 videtur.
1036 1664 1051 1689 ι
1071 1632 1181 1696 Falsum

125 1739 212 1804 enim
235 1738 300 1805 hoc
317 1762 407 1822 esse,
427 1739 517 1828 quod
535 1739 577 1803 de
593 1738 791 1803 Academicis
811 1737 940 1819 scn'bit,
965 1760 1006 1802 ex
1026 1736 1182 1802 amad·

125 1844 167 1909 ad
186 1846 397 1934 Antipatrum
418 1847 646 1933 responsione,
669 1842 756 1934 apud
777 1844 969 1908 Ciceronem
991 1844 1182 1908 manifestam

130 1949 183 2016 lit:
197 1981 211 2006 ι
222 1974 284 2015 nec
296 1952 384 2016 enim
398 1951 446 2038 (ι)
457 1952 565 2038 ipsum
577 1952 641 2014 hoc
652 1950 836 2032 decretum,
848 1949 939 2014 Nihil
952 1946 1182 2038 comprehendi,

126 2056 309 2123 Academici
338 2057 612 2145 comprehensum
641 2058 702 2120 sibi
736 2056 913 2137 dicebant,
944 2054 1004 2119 sed
1035 2053 1182 2143 pmbsbile

127 2162 388 2226 existimabant».
405 2160 469 2224 Sed
485 2184 522 2224 ea
538 2178 588 2225 est
600 2162 687 2225 inter
698 2161 912 2248 Pyrrhoniam
927 2175 961 2223 et
976 2158 1181 2225 Academicum

127 2267 304 2346 rationem,
319 2287 423 2353 φιιιιιι
437 2267 569 2354 utrique
583 2266 769 2355 philosophi
786 2265 910 2354 epoche
923 2281 1069 2339 utantur,
1086 2264 1117 2328 id
1130 2278 1180 2342 est,
1218 2292 1222 2323 t

126 2373 348 2437 assensionem
363 2373 556 2454 cohibeant,
568 2373 678 2461 potior
689 2371 886 2455 differentia3
900 2370 992 2459 quod
1002 2368 1179 2447 Aoadenitt',

129 2477 177 2541 uti
195 2494 307 2566 postea
326 2478 512 2565 planissime
528 2479 709 2560 constabit,
727 2500 841 2541 verum
855 2500 894 2541 ac
908 2478 1026 2540 falsum
1045 2498 1085 2541 ex
1100 2474 1178 2539 rebat

129 2584 263 2649 minime
281 2585 413 2666 tollant,
431 2608 468 2649 ac
486 2608 547 2650 nee
563 2608 602 2649 ex
620 2585 797 2673 phantasiis
816 2582 971 2671 quidem,
997 2606 1074 2646 nam
1095 2580 1176 2672 phan-

130 2693 224 2757 tasias
237 2710 294 2758 aut
306 2716 446 2773 veraces,
457 2710 513 2756 aut
524 2691 695 2756 mendaces
706 2691 838 2755 dicunt:
849 2691 1023 2778 Pyrrhonii
1037 2692 1103 2754 haic
1114 2703 1176 2752 atr*

128 2821 194 2887 que
207 2810 294 2869 Ιπίσης
310 2804 447 2877 ἀδιάφορα,
463 2796 579 2875 idest,
600 2797 681 2858 nihil
694 2799 781 2859 inter
793 2820 832 2860 en
849 2797 1027 2877 interesse,
1053 2814 1175 2884 pmnar·

130 2905 220 2966 tiana
244 2902 416 2988 Pyrrhonii
440 2901 572 2988 paribus
595 2902 706 2963 omnia
732 2901 867 2965 stabiliri
893 2902 1077 2965 rationibus
1095 2896 1175 2965 eritli-

129 3025 219 3072 mant
235 3032 243 3072 :
264 3006 448 3071 Academici
463 3025 496 3072 et
512 3008 661 3096 quaedam
679 3010 902 3098 improbabilia
918 3012 1074 3092 omnino,
1089 3025 1119 3075 et
1132 3005 1174 3071 tit

128 3113 196 3177 aliis
214 3113 448 3200 probabiliora,
469 3137 541 3201 quae
564 3114 713 3201 pluribus
732 3132 789 3178 aut
810 3115 996 3202 potioribus
1021 3113 1175 3180 rationibus

129 3218 321 3298 fulciantur,
336 3219 557 3306 majoremque
567 3217 665 3282 fidem
682 3221 818 3300 faciant,
838 3219 1048 3286 concedunt:
1066 3242 1132 3308 qne
1140 3232 1175 3279 tt·

130 3345 206 3388 men
214 3322 339 3405 adhuc,
347 3325 556 3411 quantumvis
571 3325 763 3412 probabilia,
775 3348 878 3411 quum
885 3326 1116 3414 comprehensa
1125 3340 1175 3387 aot

130 3429 211 3511 sint,
228 3452 394 3495 assensum
407 3431 448 3494 ab
461 3431 537 3518 ipsis
551 3431 684 3495 minime
696 3447 920 3518 extorqueant,

179 3560 228 3625 17.
245 3539 287 3601 Et
301 3538 370 3602 htec
383 3536 424 3601 de
441 3538 568 3625 Scepsi,
584 3561 645 3625 pro
664 3537 804 3601 instituti
825 3537 928 3600 nostri
953 3538 1097 3623 ratione,
1121 3532 1177 3599 stt'u
1220 3582 1222 3609 ;

129 3641 241 3706 multa.
258 3643 328 3706 lam
345 3645 434 3706 enim
449 3642 490 3705 ad
506 3642 711 3706 Academiam
728 3643 844 3706 reverti
863 3658 993 3731 tempus
1015 3666 1025 3707 ε
1049 3640 1105 3708 sed
1117 3660 1178 3707 sot·

130 3748 237 3829 trarii,
250 3747 285 3811 id
301 3766 369 3830 est,
386 3749 485 3813 Stoici
505 3750 665 3813 exercitus
682 3749 783 3836 copiis
804 3748 894 3835 prius
915 3751 1130 3830 enumeratis,
1151 3754 1179 3806 tl

129 3853 352 3943 pmmisimus‚
369 3871 402 3918 et
421 3855 638 3919 necessarium
655 3854 888 3919 existimamus.

434 4052 452 4127 S
475 4047 532 4111 lv.
555 4046 604 4109 De
623 4047 728 4111 Stoico
748 4048 889 4111 Crt'tert'o.

178 4209 228 4273 18.
247 4186 353 4272 Stoica
369 4206 538 4298 dogmata,
561 4205 621 4269 nisi
645 4205 739 4269 altius
767 4206 904 4294 repetito
932 4206 1112 4296 principio,
1129 4218 1192 4266 non

130 4316 220 4381 facile
234 4316 410 4407 intelligas,
426 4338 529 4404 quum
546 4314 643 4378 etiam
659 4314 852 4402 plerumque
869 4314 1038 4401 inopinata
1051 4315 1120 4379 sint
1134 4308 1200 4374 Εν

166 4504 205 4569 (ι)
218 4506 306 4553 Cicero
319 4509 344 4553 in
360 4507 478 4566 Lucullo,
492 4523 546 4571 cap.
561 4508 593 4560 ss
608 4500 650 4564 (ox
663 4521 736 4553 senso
750 4504 842 4569 magis,
853 4520 925 4568 quam
938 4520 970 4552 ex
980 4504 1080 4571 verbis).
