2640 5214
64 729 67 735 Ι
130 794 173 878 14
361 789 411 861 ΙΝ
432 786 673 858 CICERONIS
697 788 966 859 ACADEMICA

127 915 189 979 erit
201 944 225 979 ι.
251 911 299 975 Er
326 932 391 997 qua
414 909 562 972 locorum
591 907 833 996 comparatione
855 931 923 973 non
948 910 1077 992 solum,
1101 934 1195 1000 quam

125 1015 347 1107 intempestive
367 1014 402 1077 in
426 1013 527 1101 priori
546 1012 651 1077 Lucili
671 1036 733 1101 pro
756 1013 889 1078 Lucullo
912 1015 1029 1104 corrigi
1044 1016 1195 1100 jubeant,

124 1140 240 1216 patet:
259 1119 315 1185 sed
335 1120 399 1183 hoc
417 1118 493 1183 inde
511 1119 609 1183 etiam
632 1119 705 1206 plns
728 1142 826 1207 quam
845 1120 1017 1184 verisimile
1040 1121 1196 1206 redditur,

124 1230 327 1292 *Varronem
335 1225 401 1306 jam
414 1241 485 1289 tum
496 1222 658 1311 descripto
665 1222 791 1287 Luculli
800 1225 948 1312 exemplo
959 1248 1055 1290 nsum
1067 1227 1197 1312 fuissen,

125 1334 226 1422 idque
247 1355 286 1395 eo
307 1347 474 1420 tempore,
499 1352 566 1417 quo
591 1329 706 1393 Cicero
723 1328 795 1393 illos
813 1330 901 1418 ipsos
918 1316 1060 1418 cuatuor
1076 1333 1195 1414 libros,

125 1438 167 1504 ad
180 1460 256 1503 eum
266 1434 461 1517 mittendos,
472 1435 624 1524 poliebat.
632 1433 772 1499 Additur
780 1436 867 1501 enim
881 1436 993 1501 eadem
1001 1436 1034 1501 in
1047 1439 1196 1526 epistola:

125 1543 276 1608 1Varroni
288 1541 422 1631 quidem
436 1564 508 1630 quae
517 1541 627 1630 scripsi
642 1557 673 1605 te
685 1558 834 1623 auctore,
846 1541 890 1605 ita
904 1564 1043 1631 propero
1056 1544 1197 1626 mittere,

127 1666 166 1715 ut
181 1649 248 1729 jam
269 1642 407 1712 Romam
430 1646 572 1711 miserim
592 1645 813 1711 describenda.
837 1646 900 1729 Ea,
924 1648 951 1711 si
966 1649 1071 1731 voles,
1094 1652 1197 1714 statim

127 1753 279 1823 babebis:
295 1751 406 1840 scripsi
420 1751 507 1815 enim
520 1748 561 1814 ad
576 1749 740 1830 librarios,
754 1765 792 1813 ut
802 1748 893 1815 fieret
905 1751 986 1832 tuis,
998 1752 1025 1815 si
1038 1770 1075 1816 tu
1089 1755 1199 1836 velles,

129 1857 332 1925 describendi
358 1872 500 1946 potestas
520 1856 590 1920 :ea
612 1877 691 1919 vcro
716 1855 915 1939 continebis,
941 1857 1051 1944 quoad
1075 1860 1145 1946 ipse
1170 1876 1200 1923 te

128 1964 254 2029 videam
264 1995 286 2028 s.
299 1963 375 2027 Non
390 1962 489 2050 igitur
502 1959 543 2024 de
554 1960 660 2025 alteris
670 1959 868 2025 Academicis
881 1983 989 2027 sermo
1001 1985 1071 2027 esse
1083 1980 1200 2052 potest.

128 2068 253 2137 Laudat
275 2085 385 2133 autern
410 2065 557 2130 eamdem
580 2089 650 2130 rem
672 2067 802 2149 Cicero,
825 2084 864 2131 ut
886 2068 962 2132 alibi
983 2070 1080 2133 etiam
1102 2070 1201 2145 solet,

129 2199 196 2246 non
216 2177 311 2265 plane
331 2171 445 2237 iisdem
460 2171 584 2254 verbis,
603 2172 661 2237 sed
676 2194 772 2236 versu
789 2194 829 2236 cx
845 2189 954 2238 vetere
975 2176 1083 2239 forsan
1106 2191 1203 2264 pocta

128 2279 376 2349 accommodato
391 2302 399 2343 ε
415 2279 472 2367 qni
487 2280 556 2368 ipse
571 2279 664 2343 facile
679 2280 724 2343 sic
740 2278 862 2345 coibit:

235 2449 358 2500 Sustineat
369 2464 480 2507 currum,
491 2456 519 2496 ut
528 2447 609 2495 bouus
620 2463 688 2512 aeque
700 2447 813 2512 agitator,
823 2461 965 2513 equosque:

129 2620 206 2665 nam
230 2613 263 2661 et
282 2596 458 2660 verborum
478 2593 665 2676 collocatio,
688 2611 721 2658 et
744 2616 837 2659 aures
858 2594 953 2683 ipsas,
977 2594 1204 2661 hexametrum

129 2703 261 2794 agnosci
275 2702 401 2783 jubent.

174 2807 275 2893 Quod
297 2807 324 2870 si
346 2807 391 2869 ita
409 2821 474 2885 est,
493 2819 532 2866 ut
551 2802 710 2885 diximus,
731 2825 797 2867 non
817 2803 917 2869 modo
938 2804 1014 2869 inde
1035 2804 1076 2868 da
1094 2807 1205 2894 priore

131 2911 253 2978 Acadd.
277 2909 420 2971 editione
442 2923 590 2970 constare
610 2906 754 2990 videtur3
776 2908 832 2972 sed
855 2911 950 2973 etiarn
970 2911 1205 2976 bascanorum

131 3015 305 3079 doctorum
334 3011 492 3075 sententia
527 3012 736 3095 convellitur,
761 3036 825 3101 qna
854 3015 996 3102 priorem
1025 3015 1205 3081 editionem

130 3137 298 3187 auctorem
308 3118 461 3182 abolitam
470 3118 609 3183 voluisse
618 3135 745 3207 putant.
766 3123 872 3186 lmrno
887 3123 993 3185 verbis
1006 3124 1067 3187 illis
1083 3147 1134 3211 ep.
1149 3124 1205 3206 13,

130 3227 251 3317 quibus
266 3226 412 3290 Atticum
427 3247 520 3312 aequo
534 3227 643 3290 animo
659 3228 744 3290 ferre
755 3228 863 3310 jubet,
878 3228 984 3315 quod,
1001 3253 1073 3316 quae
1087 3231 1205 3317 prioris

132 3331 282 3399 editionis
296 3330 441 3419 exempla
457 3331 517 3418 ipsi
533 3330 691 3420 descripta
707 3334 788 3413 sint,
802 3350 964 3421 emptores
977 3335 1083 3399 nullos
1098 3353 1207 3400 essent

133 3453 318 3526 repertura,
342 3454 440 3524 atque
462 3438 505 3501 ita
530 3440 648 3500 frustra
671 3437 828 3525 ‹lescripta
853 3442 977 3521 forent,
999 3464 1102 3527 quum
1120 3455 1207 3542 certe

132 3543 201 3633 (sic
229 3543 292 3606 illic
318 3557 421 3606 tortian
446 3543 629 3632 accipitur)
656 3544 785 3607 alterius
815 3543 965 3608 editionis
993 3545 1113 3611 Acadd.
1139 3549 1208 3611 sint

133 3648 367 3743 splendidiora,
386 3649 549 3729 breviora,
575 3648 717 3713 meliora.
738 3652 843 3737 Atque
865 3651 911 3714 sic
933 3652 1029 3714 etiam
1052 3669 1206 3733 nonest,

133 3753 357 3834 attollendos,
377 3754 403 3816 si
432 3755 594 3839 posterius
616 3777 667 3842 ep.
691 3754 730 3819 32
751 3757 879 3837 Cicero,
901 3780 1003 3843 quum
1024 3774 1130 3820 minen
1155 3758 1207 3822 vel

134 3867 179 3930 sic
206 3862 348 3952 priorem
372 3858 549 3923 editionem
562 3860 688 3948 »cupide
709 3862 772 3924 emi
789 3862 947 3945 audisset,
976 3864 1106 3950 utrique
1134 3865 1207 3943 ejus

132 3975 217 4038 libro
232 3967 387 4060 prooemia
405 3967 556 4054 praemitti
573 3971 879 4057 curaverit,quibns
894 3972 939 4053 is,
957 3973 1050 4052 cnjus
1064 3972 1208 4060 quisque

133 4102 254 4143 nornen
269 4078 302 4141 in
317 4078 425 4139 fronte
440 4075 587 4162 gerebat,
602 4075 796 4140 laudaretur.
810 4076 894 4140 Nam
907 4078 1125 4166 multiplicatis
1137 4081 1206 4159 jam

134 4185 385 4273 exemplaribus,
397 4181 580 4270 cupideque
590 4185 717 4270 emptis,
732 4208 838 4271 neque
853 4184 895 4249 de
908 4186 1148 4274 supprimendis
1166 4189 1207 4252 iis

133 4291 283 4378 cogitari,
308 4312 417 4379 neque
440 4289 563 4353 Atticus
586 4290 686 4354 vetari
710 4307 856 4377 poterat,
883 4293 1060 4379 quominus
1084 4316 1121 4357 ea
1146 4317 1209 4381 per

132 4394 280 4461 librarios
296 4419 373 4459 suos
393 4395 529 4460 describi
547 4413 691 4477 curaret,
711 4396 772 4459 nisi
787 4397 872 4460 forte
888 4398 1001 4462 Cicero
1018 4399 1085 4461 aliis
1103 4399 1207 4464 Sosiis

132 4500 287 4568 lucellum
306 4523 423 4590 augere
446 4503 584 4568 voluisse
603 4501 769 4592 putandus
791 4519 850 4569 est.
873 4504 923 4569 lta
943 4527 1020 4570 sane
1045 4503 1128 4568 facili
1153 4506 1207 4570 ria
