2640 5214
130 802 175 883 αἱ,
492 794 825 865 INTRODUCTIO.

125 919 334 1009 phthegmata
342 915 384 980 ad
393 937 499 980 mores
509 916 703 1004 pertinentia
715 915 1045 998 circumferebantur3
1057 916 1115 981 sed
1127 940 1192 982 non

126 1048 198 1114 quae
225 1041 326 1088 artem
351 1021 552 1104 redolerent,
574 1038 632 1086 aut
657 1023 816 1110 integram
841 1043 972 1086 morum
995 1022 1191 1110 disciplinam

126 1129 334 1197 conficerent.
347 1128 498 1192 Pluribus
513 1129 610 1192 etiam
626 1129 805 1192 rationibus
817 1144 849 1192 et
860 1130 1192 1217 argumentationibus

126 1238 211 1300 inter
233 1233 420 1298 docendum
444 1250 477 1298 et
503 1233 727 1298 disserendum
753 1234 804 1297 usi
829 1249 907 1298 sunt
932 1258 939 1297 :
966 1257 1081 1298 omnes
1105 1235 1192 1298 enim

125 1342 274 1407 homines
302 1342 427 1405 ratione
457 1357 613 1423 utuntur,
641 1357 748 1405 tamen
774 1341 1095 1430 argumentationum
1118 1363 1194 1404 con·

130 1446 339 1512 texendarum
354 1463 387 1510 et
406 1445 684 1526 dijudicandamtm
699 1470 766 1529 ars,
782 1456 926 1512 Αιαλικτικὴ
944 1463 1057 1534 postea
1068 1463 1194 1525 vocata,

127 1573 308 1641 numquam
324 1552 384 1615 illis
403 1552 437 1616 in
456 1569 600 1617 mentem
617 1568 757 1617 venerat.
774 1555 817 1616 At
833 1552 979 1616 Socrates
993 1575 1062 1615 non
1077 1553 1105 1615 is
1117 1568 1196 1633 erat,

126 1659 184 1746 qui
205 1681 274 1723 rem
293 1658 391 1722 ullam
414 1658 483 1722 sine
507 1675 574 1723 arte
599 1659 773 1746 acciperet,
798 1673 854 1720 aut
874 1681 968 1746 agere
986 1657 1196 1722 commodum

127 1762 271 1828 duceret.
289 1766 394 1853 Igitur
411 1787 531 1851 quum,
550 1765 667 1828 omissa
687 1764 813 1827 curiosa
832 1763 886 1826 illa
904 1779 1026 1826 naturae
1048 1778 1082 1835 et
1099 1748 1198 1827 subli-

127 1870 230 1933 mium
250 1870 470 1959 speculatione
493 1892 530 1933 ac
555 1868 778 1958 indagatione,
799 1884 831 1932 et
846 1867 972 1931 ratione
993 1868 1043 1932 uti
1064 1866 1196 1932 ducein

128 1973 251 2062 agenda
262 1973 343 2055 vita,
358 1991 390 2037 et
402 1997 479 2038 suos
493 1973 698 2063 aliorumque
717 1974 889 2038 hominum
905 1995 1012 2038 mores
1026 1973 1198 2037 efformare

127 2080 335 2160 instituisset,
352 2101 463 2143 earum
480 2102 608 2160 rerum,
622 2078 656 2142 id
672 2095 738 2159 est,
755 2079 888 2143 rationis
904 2101 1101 2166 morumque
1117 2096 1198 2144 ortes

127 2184 301 2249 adinvenit.
323 2187 419 2249 Certe
434 2186 665 2274 peritissimum
682 2187 716 2248 in
735 2186 774 2249 iis
791 2185 965 2273 disciplinis
984 2201 1016 2249 ct
1032 2186 1198 2274 egregium

128 2289 283 2354 artificem
302 2291 438 2353 evasisse
454 2290 546 2354 illum
566 2306 702 2356 constat.
720 2290 783 2354 Sed
795 2315 897 2379 quum
915 2291 1031 2378 etipse
1047 2291 1196 2372 fortasse,

129 2394 212 2458 sicut
233 2411 265 2458 et
286 2397 480 2483 posteriores
500 2394 701 2479 Academici,
728 2407 771 2464 rh
794 2407 827 2468 εἰς
852 2407 957 2477 exsequ
976 2407 1144 2477 ίπιχιίρησιν,
1167 2396 1199 2460 id

129 2516 193 2582 est,
210 2501 450 2589 disputationem
472 2505 692 2590 theatrumque
711 2517 855 2589 partem,
881 2501 1043 2589 optimum
1060 2500 1198 2565 docendi

127 2627 230 2692 genus
246 2606 459 2690 existimaret,
480 2630 584 2695 eoque
603 2609 795 2695 plerumque
817 2623 979 2686 uteretur,
997 2629 1035 2669 ac
1052 2605 1095 2669 de
1114 2607 1198 2669 nulla

126 2733 162 2774 re
176 2710 328 2776 audacter
341 2712 533 2790 affirmaret,
548 2712 604 2773 sed
619 2734 760 2797 quaerere
774 2733 902 2798 semper
913 2710 1051 2790 diceret,
1070 2727 1103 2774 et
1119 2711 1198 2774 nihil

127 2818 208 2880 scire
228 2834 344 2904 praeter
369 2817 448 2894 hoc;
475 2838 511 2878 ea
539 2816 606 2893 ejus
629 2817 837 2901 professione
854 2816 919 2878 sive
943 2815 1200 2880 dissimulatione

90 2988 95 2996 ,
127 2919 281 2982 effectum
295 2934 358 2998 est,
378 2935 415 2981 ut
431 2919 532 3005 ipsius
550 2919 717 3006 discipuli,
734 2920 800 2984 sive
814 2937 987 2985 sectatores
1004 2937 1037 2983 et
1053 2924 1197 3005 asseclae,

128 3039 186 3085 aut
204 3022 273 3101 ejus
292 3024 485 3086 sententiam
504 3046 571 3086 non
591 3025 685 3111 plane
700 3025 921 3112 perviderent,
938 3043 1012 3106 aut,
1032 3049 1094 3113 pro
1111 3029 1198 3091 vario

129 3128 287 3214 cujusque
303 3129 450 3216 ingenio,
465 3131 498 3192 in
513 3131 614 3193 varias
629 3131 799 3218 opiniones
815 3133 951 3195 abirent.
969 3132 1063 3195 Certe
1075 3135 1198 3197 nemini

127 3256 260 3313 eorum,
277 3235 333 3320 qui
345 3235 484 3298 Socratis
495 3236 705 3300 familiaritate
718 3254 795 3301 sunt
804 3238 852 3301 usi
863 3286 871 3319 ,
884 3238 1030 3301 eumalio
1041 3239 1197 3326 quopiam

128 3363 167 3403 ex
192 3338 307 3404 eodem
331 3339 477 3405 sodalitio
503 3343 536 3405 in
561 3344 723 3408 rationalis
749 3360 807 3408 aut
830 3345 959 3407 moralis
983 3344 1197 3433 philosophie

127 3443 298 3509 traditione
308 3447 460 3510 convenit
473 3448 557 3511 :sive
566 3450 650 3512 forte
660 3449 755 3513 etiarn
765 3449 799 3513 id
808 3472 847 3513 ex
857 3449 965 3537 gloriae
974 3450 1197 3539 praecipuique

128 3551 269 3614 nominis
281 3574 318 3614 ac
328 3551 431 3615 laudis
443 3552 635 3641 cupiditate,
649 3570 683 3618 et
693 3555 910 3619 contentionis
922 3555 1029 3619 studio
1042 3557 1195 3621 evenerit

129 3653 259 3742 Quippe
272 3670 304 3717 et
319 3655 352 3716 in
368 3656 503 3720 naturali
517 3674 621 3745 parte,
637 3682 734 3746 quam
748 3681 815 3723 non
830 3681 848 3722 a
861 3659 991 3724 Socrate
1001 3658 1196 3743 didicerant,

126 3781 194 3822 non
218 3761 327 3823 minor
343 3761 428 3824 inter
447 3763 534 3851 ipsos
555 3764 714 3829 discordia
737 3780 794 3830 est.
818 3766 909 3830 Sicut
927 3782 1036 3830 autem
1060 3766 1095 3830 in
1118 3768 1196 3849 hac,

126 3886 253 3928 summa
270 3867 466 3930 concertatio
484 3879 540 3949 πιρὶ
560 3880 656 3949 ἀρχῶν,
676 3870 709 3934 id
728 3885 793 3952 est,
810 3871 850 3934 de
857 3873 1027 3959 principiis
1042 3887 1075 3936 et
1091 3875 1197 3938 causis

125 3994 252 4054 rerum,
269 3995 397 4061 semper
412 3975 489 4056 l'uit,
508 3977 552 4039 ita
566 3976 717 4066 deinceps
734 3979 769 4039 in
782 3979 927 4042 rationali
943 3988 998 4060 πιρὶ
1018 3989 1139 4060 κριτηρίου
1154 3994 1197 4051 τῆς

125 4087 256 4150 mutilae,
273 4077 388 4160 idest,
406 4080 446 4142 de
452 4080 575 4165 judicio
583 4130 593 4162 ‚
616 4083 667 4145 vel
681 4083 790 4169 potius
804 4083 844 4169 (si
860 4106 899 4147 eo
916 4082 1074 4148 vocabulo
1090 4085 1139 4148 uti
1163 4086 1197 4150 li·

124 4183 205 4267 ceat)
215 4184 412 4268 J'udicntorio
424 4189 587 4271 vert'tatis,
605 4187 638 4251 h.
654 4210 682 4252 e.
701 4188 742 4251 dc
758 4189 976 4253 instrumento
995 4212 1061 4276 quo
1078 4192 1197 4256 veritas

124 4285 165 4346 sit
179 4285 400 4373 dijudicanda,
414 4309 512 4380 atque
524 4295 557 4356 in
575 4295 703 4377 morali,
722 4305 777 4372 πιρὶ
797 4306 893 4376 ἀγαθῶν
912 4305 954 4358 καὶ
967 4312 1064 4369 κακῶν,
1079 4297 1112 4360 id
1127 4315 1197 4380 est,

124 4389 163 4452 de
181 4390 330 4459 bonorum
343 4398 562 4489 malorumque
563 4396 700 4482 finibus,
715 4403 914 4490 praecipuum
930 4399 1102 4466 dissidium
1119 4404 1195 4468 fuit.

169 4494 199 4560 3.
217 4498 339 4565 Verum
355 4525 420 4566 non
445 4505 486 4568 de
509 4506 657 4570 universa
674 4507 897 4594 philosophia,
913 4506 1019 4596 deque
1037 4511 1197 4576 omnibus
