2678 4800
37 379 43 391 ·
143 352 189 424 30
513 348 847 419 INTRODUCTIO.

139 472 305 567 profundo
315 471 481 535 veritatem
496 490 565 533 esse
578 468 777 552 demersam3
788 470 998 558 opinionibus
1010 487 1044 537 et
1056 473 1216 541 institutis

141 582 252 648 omnia
265 577 367 643 teneri
375 625 385 658 ,
394 576 477 640 nihil
484 575 610 640 veritati
621 574 776 662 relinqui,
788 575 940 666 deinceps
950 579 1062 643 omnia
1072 581 1216 647 tenebris

141 688 336 753 circumfusa
350 705 435 766 esse,
453 682 609 747 dixerunt
620 711 645 746 ι.

185 795 215 859 8.
241 792 378 854 Unicam
401 812 478 878 ergo
499 804 627 853 tanturn
647 787 871 870 Academiam,
891 789 984 868 cujus
1002 790 1163 879 originem
1183 811 1218 857 et

140 899 365 985 antiquitatem
380 918 398 959 a
414 896 544 959 Socrate
558 894 776 981 Platoneqne‚
793 894 959 958 autetiam
974 896 1215 983 antiquioribus

140 1019 310 1094 repetunt,
332 1000 516 1065 Academici
539 997 741 1080 concedunt,
767 999 848 1062 nihil
870 1016 944 1087 post
965 1001 1135 1067 Platonem
1157 1022 1214 1070 aut

140 1110 181 1174 ab
202 1107 356 1187 Arcesila,
382 1120 439 1168 aut
461 1106 502 1169 ab
528 1106 590 1168 alio
613 1127 652 1169 ex
676 1104 918 1169 successoribus
941 1118 1097 1171 novatum
1119 1110 1213 1173 fateri

140 1217 275 1281 volunt:
300 1228 353 1293 ut,
379 1210 488 1300 paullo
512 1227 586 1300 post
612 1211 698 1291 haec,
725 1234 799 1298 quae
825 1209 1071 1298 adscripsimus,
1098 1214 1211 1279 Cicero

139 1317 326 1404 scribitis).
357 1319 494 1398 «Hanc,
518 1316 644 1403 inquit,
663 1315 870 1380 Academiam
893 1338 1011 1380 novam
1030 1319 1210 1406 appellant,

137 1449 209 1514 quae
228 1424 307 1489 mihi
324 1440 418 1488 retus
433 1422 579 1503 videtur,
601 1420 763 1508 siquidem
782 1422 950 1486 Platonem
970 1446 1010 1486 ex
1031 1423 1084 1487 illa
1102 1442 1211 1490 vetere

137 1543 443 1610 numeramus,.etc.
454 1558 467 1583 ν
484 1529 559 1615 lpse
577 1527 671 1591 Philo
692 1526 705 1613 (
715 1526 756 1590 do
775 1550 843 1614 quo
859 1550 927 1590 non
945 1527 1093 1593 modicus
1112 1530 1210 1594 nobis

136 1639 267 1703 flaturus
293 1650 341 1699 est
365 1633 474 1714 labor,
502 1633 625 1721 quique
649 1655 786 1721 magnus
814 1633 848 1695 in
872 1632 1045 1697 Academia
1071 1652 1211 1701 novator

136 1744 235 1808 fuisse
250 1739 465 1830 perhibetur)
481 1737 610 1826 negavit
624 1735 729 1801 «duas
744 1737 933 1802 Academias
950 1760 1034 1820 esse,
1049 1761 1209 1804 errorem·

134 1874 200 1939 que
216 1871 350 1927 eorum,
373 1846 429 1933 qui
447 1847 491 1908 ita
506 1860 679 1934 putarunt,
695 1845 841 1934 coarguit
855 1845 901 1933 (a)
911 1876 934 1908 ν.
951 1846 1155 1929 Plutarchus,
1172 1846 1206 1911 in

133 1979 174 2021 eo
202 1955 304 2030 libro,
331 1975 429 2041 quem
454 1953 488 2014 in
511 1950 661 2013 omnium
686 1949 958 2039 philosophorum
982 1951 1206 2017 defensionem

134 2060 287 2127 adversus
305 2060 470 2140 Colotem,
495 2056 625 2144 Epicuri
649 2055 848 2139 auditorem,
872 2058 1017 2146 scripsit,
1034 2080 1139 2145 quum
1164 2059 1206 2122 ab

132 2168 275 2256 Epicuro
291 2166 470 2253 Coloteque
486 2164 650 2228 contrario
667 2164 799 2227 convitii
819 2186 937 2252 genere
953 2165 1091 2252 petitum
1104 2167 1205 2230 Arce·

132 2273 223 2338 silam
241 2271 374 2350 referat,
393 2273 485 2358 quasi
504 2269 561 2356 qui
577 2268 706 2354 antiqua
724 2290 762 2331 ac
780 2269 914 2332 minime
929 2270 1060 2357 propria
1076 2268 1204 2335 decreta

131 2403 193 2468 pro
211 2379 304 2442 noris
321 2399 359 2440 ac
372 2377 438 2439 suis
452 2374 649 2454 venditaret,
664 2396 767 2460 eaque
779 2376 902 2439 ratione
915 2361 1003 2463 apud
1016 2377 1201 2441 illiteratum

131 2484 248 2568 vulgus
264 2478 392 2542 laudern
414 2501 451 2541 ac
472 2478 606 2566 gloriani
628 2495 860 2565 aucuparetur,
882 2480 998 2568 gratias
1018 2503 1053 2544 se
1075 2479 1117 2545 dc
1138 2481 1203 2547 hoc

131 2602 164 2649 et
177 2585 298 2649 Colotae
309 2600 342 2647 et
352 2584 404 2646 alii
421 2584 567 2665 cuilibet,
579 2582 635 2671 qui
646 2582 844 2648 Academicos
856 2584 1030 2674 disciplinae
1040 2587 1201 2651 rationem

130 2691 263 2777 antiqua
274 2690 479 2753 successione
492 2689 526 2752 in
537 2687 710 2752 Arcesilam
721 2687 894 2755 derivatam
904 2691 1069 2773 ostendat,
1081 2691 1202 2757 debere

128 2819 164 2860 se
176 2813 210 2862 et
219 2818 313 2884 agere
323 2796 377 2860 ait.
390 2798 503 2883 ltaque
511 2795 699 2877 Arcesilam,
713 2797 768 2884 qui
780 2820 872 2861 novae
881 2797 1060 2861 Academiae
1073 2798 1200 2886 primus

127 2919 243 2967 auctor
264 2901 427 2990 plerisque
454 2901 613 2982 creditur,
639 2901 700 2989 ipsi
723 2902 791 2980 ejus
815 2919 987 2968 sectatores
1013 2904 1095 2967 nihil
1121 2905 1198 2968 novi

125 3008 286 3089 attulisse,
303 3008 465 3071 obstinate
483 3006 711 3071 contendunt:
729 3008 791 3070 nisi
808 3006 889 3072 illud
903 3009 1055 3090 sortasse,
1072 3009 1197 3096 quoda

127 3116 259 3179 Zenone
277 3115 418 3202 primum
439 3114 686 3202 pronuntiatum
709 3113 778 3200 ipse
801 3115 966 3202 probavit,
986 3113 1020 3178 id
1036 3130 1102 3198 est,
1119 3116 1198 3181 Non

125 3221 328 3307 opinaturum
355 3222 541 3306 sapientem,
563 3218 596 3282 id
618 3234 683 3300 est,
709 3242 775 3282 non
798 3243 1004 3284 assensurum
1026 3221 1196 3309 incognito

124 3340 181 3389 aut
194 3324 404 3414 impercepto.
421 3326 504 3389 Nam
518 3324 613 3388 Nz'ltit
623 3348 686 3387 esse
699 3324 785 3412 quod
792 3329 916 3413 percpi
924 3331 1039 3413 possit,
1054 3325 1195 3390 Socratis

122 3430 348 3517 Platonisque,
371 3446 467 3518 atque
485 3431 707 3519 antiquiorum
729 3429 824 3494 etiam
847 3432 1084 3520 complurium,
1107 3453 1195 3518 quos

123 3536 191 3624 ipse
213 3551 423 3622 sequeretur,
444 3537 636 3600 sententiam
656 3557 723 3599 esse
743 3537 898 3600 Arcesilas
914 3535 1110 3599 adstruebat.
1134 3537 1194 3599 llis

121 3663 198 3705 rero
218 3640 348 3705 duobus
369 3642 498 3730 positis,
520 3644 598 3707 Non
612 3647 814 3730 opinaturum
828 3649 1014 3731 sapientem,
1033 3658 1083 3723 et,
1099 3642 1197 3707 Nihil

117 3750 240 3835 percipi
247 3772 338 3837 posse
345 3796 355 3827 ,
377 3752 556 3815 necessario
572 3763 666 3830 ἐποχὴ,
681 3747 713 3810 id
728 3766 794 3831 est,
809 3749 1049 3838 approbationis
1062 3756 1193 3814 retentt'o

120 3874 157 3915 ac
183 3857 390 3934 continentia,
423 3859 692 3943 consequebatur.
724 3860 798 3940 Qua
826 3856 919 3920 etiarn
950 3856 1091 3931 ratione,
1122 3878 1191 3920 non

154 3994 192 4059 (r)
211 3994 263 4042 Cic.
278 3998 356 4044 Acad.
370 3998 415 4045 lib.
428 4001 453 4056 l,
466 4016 523 4063 cap.
541 4001 581 4050 13.

152 4080 189 4145 (a)
208 4083 261 4132 Cic.
275 4083 355 4134 Acad.
369 4085 412 4133 lib.
426 4090 451 4145 1,
463 4102 519 4151 cap.
535 4096 558 4144 4.
