2640 5214
242 812 265 893 4
481 807 531 876 IN
550 806 795 877 CICERONIS
819 808 1086 876 ACADEMICA

244 929 303 995 tibi
321 928 404 992 mitti
420 925 461 990 ad
473 926 653 992 Varronem
670 928 759 1016 quod
775 928 1005 1017 scripsimus...
1022 929 1081 992 etsi
1096 929 1228 992 nomina
1240 929 1305 1010 jun

243 1040 442 1100 factasunt:
462 1030 585 1096 sedvel
608 1033 736 1117 induci,
755 1036 805 1099 vel
827 1035 961 1110 mutari,
984 1049 1167 1121 possunt».
1193 1035 1239 1098 De
1255 1034 1303 1098 his

241 1142 330 1206 libris
341 1139 417 1228 ipsis
432 1139 478 1202 sic
491 1139 602 1203 scribit
618 1163 668 1229 ep.
687 1143 746 1208 16:
768 1173 781 1198 ι
800 1141 890 1205 lllam
905 1142 1068 1220 Asampatae
1081 1150 1193 1213 σύνταξιν
1208 1156 1301 1204 totam

241 1245 282 1309 ad
296 1245 474 1308 Varronem
492 1243 704 1310 traduximus.
726 1246 837 1310 Primo
852 1245 913 1308 fuit
932 1245 1050 1324 Catuli,
1066 1244 1210 1325 Luculli,
1224 1247 1301 1309 llor-

241 1350 362 1414 tensll:
389 1346 525 1432 deinde,
548 1350 624 1437 qula
649 1366 719 1435 παρὰ
746 1365 776 1417 ab
797 1369 889 1436 πρέπον
913 1348 1096 1431 Videbam&
1126 1349 1217 1437 qUOd
1242 1365 1301 1414 θῐὶῐ

241 1461 433 1527 hominibus
449 1474 543 1538 nota,
558 1479 625 1519 non
641 1455 693 1517 illa
707 1451 839 1541 quidem
854 1461 1022 1529 ἀπαιδευσία,
1039 1453 1095 1519 sed
1108 1456 1142 1518 in
1159 1456 1198 1520 iis
1212 1456 1300 1520 rebus

147 1568 152 1573 ’
243 1577 362 1648 ἀτριψὶα,
382 1563 530 1630 simulac
547 1561 621 1626 veni
642 1561 675 1622 in
694 1558 818 1640 villam,
836 1559 968 1624 eosdem
991 1560 1061 1624 illos
1085 1582 1251 1625 sermones
1267 1558 1301 1625 ad

243 1677 401 1740 Catonem
417 1677 620 1756 Brutumque
633 1666 794 1730 transtuli.
809 1666 892 1730 Ecce
907 1682 971 1730 tuae
982 1667 1081 1731 literae
1094 1666 1135 1731 de
1143 1669 1299 1732 Varrone:

244 1780 366 1845 nemini
378 1780 444 1843 risa
458 1793 507 1842 est
519 1776 624 1864 aptior
632 1775 761 1849 Ᾰντιόχιια
774 1771 855 1834 ratio
868 1795 877 1835 :
891 1770 947 1837 sed
959 1788 1066 1835 tamen
1081 1773 1178 1837 velim
1191 1773 1302 1837 scribas

243 1885 284 1950 ad
303 1907 369 1962 me,
387 1884 530 1971 primum
546 1879 712 1967 placeatne
730 1876 789 1939 tibi
808 1877 928 1964 aliquid
946 1877 987 1940 ad
1000 1877 1112 1961 illum3
1131 1878 1304 1961 deinde,si

242 1991 398 2083 placebit,
416 1990 523 2051 hocne
547 1983 751 2072 potissimum
764 2013 787 2048 ν.
809 1983 897 2064 Quas
918 1978 1027 2047 autem
1049 1998 1155 2072 partes
1172 1983 1305 2049 Varroni

243 2096 386 2176 dederit,
403 2091 584 2157 accuratius
603 2087 737 2175 exponit
756 2110 806 2175 ep.
830 2110 886 2173 19:
907 2087 1066 2169 «absolvi,
1084 2092 1195 2153 nescio
1213 2112 1305 2178 qaam

160 2254 166 2265 .
242 2204 346 2283 bene,
362 2197 420 2262 sed
433 2197 474 2260 ita
489 2209 653 2273 accurate,
678 2207 716 2266 ut
737 2190 817 2254 nihil
835 2208 944 2280 posset
955 2214 1068 2280 supra,
1086 2193 1306 2260 Academicum

242 2328 374 2373 omnem
387 2302 599 2391 quaestionem
614 2298 704 2361 libris
720 2312 869 2384 quatuor.
884 2299 922 2361 ln
937 2299 1000 2379 eis,
1014 2321 1085 2386 quoe
1096 2317 1189 2364 erant
1199 2317 1307 2366 contra

242 2420 417 2490 ἀκαταληψίαν
430 2405 581 2496 praeclare
596 2403 728 2468 collecta
745 2402 787 2465 ab
803 2402 984 2485 Antiocho,
1002 2404 1139 2468 Varroni
1157 2403 1254 2472 dedi:
1270 2404 1309 2472 ad

244 2541 281 2583 ea
303 2519 373 2604 ipse
394 2511 601 2602 respondeo:
621 2527 659 2574 tu
681 2532 714 2573 es
734 2509 848 2572 tertius
871 2509 904 2571 in
930 2531 1081 2573 sermone
1102 2526 1217 2576 nostro
1228 2542 1252 2577 ι.
1271 2513 1310 2576 Et

242 2625 352 2715 paucis
372 2619 546 2700 interjectis
570 2616 690 2681 ibidem
711 2615 758 2678 sic
774 2615 905 2701 pergit:
929 2644 942 2669 τ
954 2615 1030 2677 Haec
1047 2614 1253 2700 Academica,
1275 2635 1313 2684 ut

243 2732 323 2812 scis,
338 2752 413 2793 cum
429 2726 562 2802 Catulo,
582 2719 734 2799 Lucullo,
753 2719 929 2781 Hortensio
948 2721 1161 2787 contuleram.
1177 2724 1263 2789 Sane
1277 2725 1312 2789 in

242 2856 397 2926 personas
415 2853 483 2893 non
502 2824 685 2891 cadebant:
704 2838 796 2887 erant
813 2824 901 2886 enim
918 2834 1082 2906 λαγιαώττρα,
1098 2851 1196 2915 quam
1214 2847 1253 2894 ut
1268 2832 1313 2896 illi

244 2940 285 3005 de
302 2939 341 3001 iis
358 2934 535 3000 somniasse
554 2952 712 3017 umquam
731 2928 928 2994 viderentur.
950 2932 1084 3019 ltaque,
1106 2951 1144 2998 ut
1160 2935 1225 3025 legi
1242 2953 1314 3003 tuas

245 3044 286 3108 de
311 3042 477 3119 Varrone,
504 3055 669 3124 tamquam
699 3044 796 3114 ίρμαῖαν
822 3037 975 3124 arripui:
1003 3039 1109 3124 aptius
1137 3063 1206 3105 esse
1233 3043 1315 3108 nihil

247 3149 356 3240 potuit
374 3144 416 3209 ad
438 3142 472 3209 id
494 3141 706 3232 philosophiae
729 3163 830 3229 genus
855 3165 973 3230 easque
986 3158 1092 3230 partes
1115 3144 1221 3232 (male
1235 3149 1315 3214 Ern.

232 3240 392 3341 masque
407 3247 553 3312 reduxit:
570 3269 655 3311 sens.
671 3245 787 3333 Aptius
804 3247 885 3309 nibil
901 3246 1014 3311 cadere
1031 3271 1063 3336 p.
1082 3273 1179 3337 quam
1192 3253 1317 3319 Varro·

244 3361 295 3425 nis
310 3378 447 3447 persona
465 3376 568 3442 quum
586 3351 627 3415 ad
645 3351 796 3417 Antiochi
812 3351 1052 3440 philosophiam
1070 3357 1226 3440 omnino,
1242 3376 1314 3425 tum

245 3465 285 3532 ad
302 3488 354 3530 eas
369 3478 472 3552 partes
490 3460 646 3540 maxime,
663 3480 736 3545 quae
752 3456 803 3522 his
820 3459 852 3521 in
870 3458 960 3522 libris
976 3461 1173 3527 sustinendae
1190 3482 1270 3529 sunt
1281 3465 1315 3554 ):

245 3588 365 3636 utnon
383 3569 443 3632 sim
458 3579 697 3653 consequutus,
715 3579 752 3626 ut
768 3565 916 3652 superior
942 3588 1012 3629 mea
1033 3590 1128 3632 causa
1146 3567 1316 3638 videatur:

246 3691 323 3741 sunt
344 3673 430 3737 enim
456 3672 665 3734 vehementer
683 3677 776 3730 πιθανὰ
793 3668 964 3732 Antiochia
982 3692 990 3734 :
1011 3682 1082 3759 qu'ae
1103 3671 1279 3762 diligenter
1299 3700 1319 3741 a

246 3802 299 3847 me
322 3798 489 3866 expressa,
508 3798 643 3839 acumen
669 3774 792 3838 babent
808 3775 976 3854 Antiochi,
1000 3778 1139 3842 nitorem
1159 3782 1319 3849 omtionis

246 3902 412 3964 nostrum:
431 3883 457 3945 si
476 3881 576 3946 modo
591 3882 619 3944 is
641 3898 690 3945 est
706 3881 820 3968 aliquis
837 3882 870 3944 in
887 3882 982 3945 nobis
994 3914 1016 3947 ι».
1035 3885 1094 3972 Ep.
1118 3885 1159 3950 23
1177 3908 1185 3949 :
1202 3916 1216 3942 α
1228 3888 1291 3953 Lib
1308 3889 1317 3905 ⁸

246 3994 288 4062 ad
294 3994 475 4056 Varronem
489 4010 556 4051 non
568 3987 801 4051 morabuntur:
813 4002 890 4051 sunt
903 3989 991 4051 enim
1004 3991 1125 4069 effecti,
1140 4008 1178 4055 ut
1188 3992 1317 4060 vidisti:

246 4117 374 4165 tantum
390 4094 597 4159 librariorum
615 4091 732 4156 menda
749 4093 919 4158 tolluntur.
941 4095 989 4158 De
1008 4096 1127 4182 quibus
1144 4095 1235 4162 libris
1254 4100 1319 4166 scis

246 4181 299 4268 me
317 4200 500 4266 dubitasse:
517 4194 628 4273 sedotu
644 4193 794 4259 videris.»
819 4196 926 4279 Quam
945 4197 1181 4264 dubitationem
1198 4202 1317 4270 clarius

245 4307 342 4372 docet
362 4330 412 4395 ep.
433 4303 473 4370 25
490 4327 498 4368 ε
518 4333 531 4358 ι
544 4302 629 4366 Volo
639 4303 820 4365 Varronem
837 4301 916 4390 (cos
933 4305 1078 4407 accipepe
1088 4304 1119 4391 ),
1136 4310 1317 4395 praesertim

245 4434 348 4500 quum
363 4413 416 4476 ille
434 4410 614 4475 desideret:
634 4406 691 4472 sed
707 4424 772 4489 est,
791 4425 829 4472 ut
842 4409 918 4492 scis,
939 4423 1019 4483 Δαιτός
1036 4422 1112 4494 ἀνὴρ,
1132 4423 1202 4492 τάχα
1218 4444 1259 4478 αττ
1274 4424 1316 4480 aa!

240 4526 349 4599 ᾄναίτιοτ
365 4525 493 4594 αἰτιόῳτο·
513 4517 557 4580 ita
572 4515 652 4580 mibi
670 4537 753 4604 saepe
765 4516 906 4582 occurrit
923 4517 1031 4582 vultus
1048 4517 1134 4602 ejus,
1148 4521 1315 4606 querentis
