2678 4800
127 364 174 434 αεὶ
495 367 827 437 inrxouuorio.
911 317 913 323 ¹

124 489 219 551 ctiam
236 490 395 553 rationem
411 487 521 576 [λόγον]
542 488 705 576 duplicem
724 512 803 553 esse.
821 489 905 552 Nam
919 510 985 575 qua
1002 498 1110 555 statut&
1123 515 1200 580 per·

123 596 298 682 cipiantur,
318 597 550 684 opinatricem,
570 597 637 660 sive
648 596 837 684 opinantem
861 597 1022 659 rationem
1045 595 1198 682 [δοειςαὸν

121 710 191 778 λόγον
201 701 230 787 ],
248 702 333 764 sicut
344 717 377 765 ct
393 725 443 765 res
458 702 567 766 sensui
577 701 736 788 expositas
746 701 920 788 opinabilia
934 700 1069 789 [δοξιςὰ]
1083 705 1198 792 appel·

98 803 196 886 lari,
223 806 477 896 earumdemque
506 831 617 872 rerum
646 807 908 895 perceptionem,
935 813 1028 884 δόξαν,
1060 807 1096 872 id
1125 826 1197 892 est,

119 913 304 975 sentemm
327 913 393 977 sive
422 916 596 1001 opinionem
621 935 708 994 esse,
736 913 821 976 siout
846 935 885 976 ex
909 912 1008 976 rebus
1032 936 1104 1001 quae
1129 916 1196 980 sub

121 1014 366 1106 intelligentiam
392 1019 514 1084 cadunt
538 1020 663 1084 ratione
688 1019 750 1082 alia
780 1041 852 1106 quae
884 1018 1050 1083 scientiam
1075 1018 1195 1087 esliciat

122 1117 134 1205 [
156 1141 192 1204 τῷ
216 1137 381 1206 tempesias
402 1127 497 1215 λόγῳ]
524 1124 786 1213 comprehensis,
815 1123 981 1188 scientiam
1007 1124 1192 1215 [lma-lpas]

120 1232 282 1307 exsistere.
292 1233 413 1295 ilerum
429 1232 516 1294 enirn
530 1231 696 1328 sensilium
708 1230 979 1318 perspicuitatem,
988 1254 1061 1318 qua:
1071 1232 1193 1297 rationi

119 1338 287 1426 probetur,
303 1338 461 1427 approbat
478 1338 575 1401 ctiam
598 1337 707 1419 Plat03
729 1334 785 1400 sed
811 1359 879 1399 non
903 1352 941 1399 ut
962 1359 999 1400 ea
1021 1337 1192 1402 scientiam

119 1443 202 1508 effici
221 1443 323 1525 dicat,
345 1444 535 1532 opinionem
555 1459 663 1507 tamen
683 1466 756 1530 qua:
776 1443 943 1506 scientiam
963 1465 1095 1522 eorum,
1116 1466 1192 1530 quae

118 1571 191 1613 vere
215 1565 309 1631 sunt,
331 1551 426 1612 nobis
447 1550 481 1612 in
504 1550 693 1613 memoriam
715 1547 857 1612 reducat.
886 1548 972 1636 Ergo
994 1570 1092 1610 sensu
1111 1570 1191 1611 cum

117 1657 296 1743 opinatrice
311 1656 436 1720 ratione
454 1642 724 1743 sensui‘exposita
738 1653 891 1736 judicari3
910 1671 1019 1719 mente
1035 1677 1112 1718 vero
1130 1678 1192 1721 seu

118 1763 343 1852 intelligentia,
372 1785 437 1826 una
464 1784 540 1826 cum
567 1762 694 1825 ratione
719 1762 887 1825 scientiam
914 1760 1089 1842 efficiente,
1114 1784 1190 1848 quae

117 1868 326 1957 intelligentia
347 1866 682 1954 comprehenduntur.
710 1868 787 1930 Haec
805 1883 914 1930 autem
936 1887 1005 1930 esse
1023 1867 1109 1930 ideas
1115 1915 1128 1946 ,
1153 1867 1191 1933 id

116 1990 182 2055 est,
205 1990 389 2037 constantes
413 1971 569 2060 quasdam
588 1995 698 2036 rerum
718 1974 854 2053 l'ormas,
880 1995 951 2058 qnae
973 1995 1086 2035 revera
1103 1973 1188 2055 sint,

115 2080 207 2160 sive,
219 2097 255 2144 ut
273 2079 367 2160 dicit,
389 2102 461 2166 quae
481 2079 515 2142 in
536 2076 683 2165 eoquod
703 2096 768 2159 est,
790 2078 953 2141 exsistant.
972 2079 1020 2140 De
1038 2079 1190 2143 universa

115 2186 240 2250 ratione
261 2186 338 2267 hac,
363 2186 409 2249 sic
426 2185 494 2273 ipse
516 2186 550 2249 in
568 2186 690 2248 Timaeo
703 2183 749 2271 (1)
768 2207 776 2248 :
798 2185 879 2246 «Est
897 2182 992 2270 quid,
1011 2183 1101 2270 quod
1120 2201 1188 2268 est,

114 2308 146 2354 et
166 2315 233 2355 non
255 2307 444 2379 generatum
467 2290 555 2353 aliud
576 2313 653 2352 vero
663 2337 680 2387 „
692 2288 782 2375 quod
806 2290 950 2379 gignitur
966 2288 1118 2376 quidem,
1138 2306 1190 2355 est

112 2420 189 2460 vero
216 2417 427 2481 numquam:
456 2393 536 2456 illud
561 2394 695 2481 quidem
720 2394 930 2482 intelligentia
958 2417 1033 2458 cum
1060 2396 1189 2460 ratione

113 2499 424 2587 comprehensibile,
447 2498 538 2585 quod
561 2521 689 2587 semper
710 2498 900 2573 uniusmodi
924 2516 972 2562 est
992 2522 1000 2563 :
1023 2500 1087 2564 hoc
1107 2524 1188 2566 vero

113 2627 225 2667 rursus
255 2605 409 2692 opinione
436 2627 513 2667 cum
541 2614 640 2668 sensu
665 2606 798 2669 rationis
826 2622 973 2691 experte,
1003 2606 1186 2693 opinabile,

113 2726 302 2798 generatum
319 2726 350 2773 et
366 2711 537 2791 interiens,
555 2734 737 2798 numquam
754 2733 832 2774 vero
847 2734 953 2774 revera
973 2734 1029 2775 ens
1041 2744 1065 2775 ν.

157 2814 186 2879 5.
202 2816 311 2896 Hanc,
329 2838 427 2903 quam
446 2816 587 2879 Platonis
607 2832 640 2879 et
656 2832 803 2879 veterum
818 2815 1087 2881 Academicorum
1105 2841 1184 2882 sen-

110 2924 243 2986 tentiam
261 2947 329 2987 esse
346 2923 527 2987 Antiochus
547 2922 689 3005 dicebat,
707 2922 795 3011 apud
814 2925 1002 2987 Ciceronem
1017 2923 1064 3011 (2)
1076 2926 1184 2990 Varro

109 3030 264 3117 exponit:
283 3061 296 3085 «
307 3030 515 3116 Quamquam
524 3028 683 3109 judicium
696 3030 835 3092 oriretur
851 3053 869 3092 a
888 3031 1053 3111 sensibus,
1070 3046 1181 3096 umen

108 3159 176 3199 non
209 3159 277 3199 esse
297 3135 458 3216 judicium
489 3137 631 3201 veritatis
663 3136 697 3198 in
724 3136 881 3200 sensibus.
912 3137 1057 3201 Mentem
1089 3139 1182 3202 vole-

107 3243 187 3306 bant
221 3241 425 3328 [Academici
445 3243 593 3330 veteres]
633 3264 741 3307 rerum
776 3265 845 3305 esse
877 3241 1048 3322 judicem:
1076 3245 1182 3308 solam

108 3349 284 3414 censebant
299 3348 469 3431 idoneam,
490 3350 542 3412 cui
562 3347 764 3430 crederetur3
785 3348 860 3435 quia
877 3349 944 3412 sola
962 3366 1110 3413 cerneret
1124 3350 1182 3433 id,

106 3454 197 3542 quod
215 3477 343 3541 semper
363 3471 461 3537 esset,
481 3454 633 3542 simplex,
656 3469 689 3516 et
706 3452 912 3535 uniusmodi,
934 3470 968 3517 et
983 3453 1061 3535 tale,
1082 3455 1183 3541 quale

107 3576 199 3624 esset.
223 3559 315 3623 Hanc
331 3556 376 3622 illi
394 3559 496 3623 ideam
513 3558 730 3646 appellabant,
747 3559 812 3638 jam
830 3580 848 3622 a
863 3560 996 3623 Platone
1011 3560 1055 3623 ita
1068 3561 1180 3623 nomi-

107 3682 238 3731 natam:
258 3689 318 3729 nos
339 3683 426 3731 recte
446 3670 577 3753 speciem
596 3688 769 3753 possumus
790 3665 907 3730 dicere.
928 3667 1047 3730 Sensus
1067 3682 1180 3731 autem

105 3795 239 3854 omnes,
258 3772 391 3835 hebetes
414 3788 446 3834 et
470 3770 579 3834 tardos
604 3793 689 3852 esse,
716 3794 777 3834 nec
798 3772 963 3859 percipere
987 3773 1054 3836 ullo
1076 3771 1181 3836 modo

105 3901 155 3942 res
174 3901 242 3961 eas,
260 3901 332 3966 quae
350 3879 501 3959 subjectae
517 3877 665 3943 sensibus
682 3877 888 3961 viderentur3
905 3901 977 3965 quae
996 3895 1104 3942 essent
1121 3897 1181 3944 aut

140 4018 177 4088 (r)
196 4022 305 4070 Platonis
318 4038 407 4086 opera,
421 4034 481 4073 tom.
493 4025 543 4082 ΙΙΙ,
553 4038 611 4086 pag.
622 4037 668 4081 27,¹
684 4021 715 4081 d,
728 4032 751 4068 et
767 4022 814 4079 all,
832 4037 855 4070 a.

142 4110 179 4174 (a)
199 4111 276 4160 Acad.
290 4111 334 4160 lib.
348 4115 375 4171 1,
394 4129 447 4177 cap.
462 4130 487 4174 9.
