<?xml version="1.0" encoding="UTF-8"?>
<!DOCTYPE html PUBLIC "-//W3C//DTD XHTML 1.0 Transitional//EN"
    "http://www.w3.org/TR/xhtml1/DTD/xhtml1-transitional.dtd">
<html xmlns="http://www.w3.org/1999/xhtml" xml:lang="en" lang="en">
 <head>
  <title>
</title>
<meta http-equiv="Content-Type" content="text/html;charset=utf-8" />
  <meta name='ocr-system' content='tesseract 3.04.00' />
  <meta name='ocr-capabilities' content='ocr_page ocr_carea ocr_par ocr_line ocrx_word'/>
</head>
<body>
  <div class='ocr_page' id='page_1' title='image "bibliothecaclas50lemagoog_0041.png"; bbox 0 0 2678 4800; ppageno 0'>
   <div class='ocr_carea' id='block_1_1' title="bbox 547 539 909 612">
    <p class='ocr_par' dir='ltr' id='par_1_1' title="bbox 547 539 909 612">
     <span class='ocr_line' id='line_1_1' title="bbox 547 539 909 612; baseline -0.019 0"><span class='ocrx_word' id='word_1_1' title='bbox 547 539 909 612; x_wconf 86' lang='lat' dir='ltr'>INTRODUCTIO</span> 
     </span>
    </p>
   </div>
   <div class='ocr_carea' id='block_1_2' title="bbox 196 694 1265 813">
    <p class='ocr_par' dir='ltr' id='par_1_2' title="bbox 196 694 1265 813">
     <span class='ocr_line' id='line_1_2' title="bbox 196 694 1265 813; baseline -0.014 -2"><span class='ocrx_word' id='word_1_2' title='bbox 196 709 280 813; x_wconf 93' lang='lat' dir='ltr'><strong>IN</strong></span> <span class='ocrx_word' id='word_1_3' title='bbox 320 702 748 810; x_wconf 88' lang='lat' dir='ltr'>CICERONIS</span> <span class='ocrx_word' id='word_1_4' title='bbox 786 694 1265 804; x_wconf 80' lang='lat' dir='ltr'>ACADEMICA.</span> 
     </span>
    </p>
   </div>
   <div class='ocr_carea' id='block_1_3' title="bbox 627 887 848 916">
    <p class='ocr_par' dir='ltr' id='par_1_3' title="bbox 627 887 848 916">
     <span class='ocr_line' id='line_1_3' title="bbox 627 887 848 916; baseline -0.018 1"><span class='ocrx_word' id='word_1_5' title='bbox 627 887 848 916; x_wconf 48' lang='grc' dir='ltr'><strong>φ-</strong></span> 
     </span>
    </p>
   </div>
   <div class='ocr_carea' id='block_1_4' title="bbox 487 1023 966 1106">
    <p class='ocr_par' dir='ltr' id='par_1_4' title="bbox 487 1023 966 1106">
     <span class='ocr_line' id='line_1_4' title="bbox 487 1023 966 1106; baseline -0.01 0"><span class='ocrx_word' id='word_1_6' title='bbox 487 1024 638 1106; x_wconf 86' lang='lat' dir='ltr'>PARS</span> <span class='ocrx_word' id='word_1_7' title='bbox 673 1023 966 1104; x_wconf 85' lang='lat' dir='ltr'><strong>SECUNDA.</strong></span> 
     </span>
    </p>
   </div>
   <div class='ocr_carea' id='block_1_5' title="bbox 579 1167 866 1196">
    <p class='ocr_par' dir='ltr' id='par_1_5' title="bbox 579 1167 866 1196">
     <span class='ocr_line' id='line_1_5' title="bbox 579 1167 866 1196; baseline -0.01 1"><span class='ocrx_word' id='word_1_8' title='bbox 579 1167 866 1196; x_wconf 48' lang='grc' dir='ltr'><strong>ψ·-</strong></span> 
     </span>
    </p>
   </div>
   <div class='ocr_carea' id='block_1_6' title="bbox 240 1296 1220 1422">
    <p class='ocr_par' dir='ltr' id='par_1_6' title="bbox 240 1296 1220 1422">
     <span class='ocr_line' id='line_1_6' title="bbox 240 1296 1220 1422; baseline -0.009 -14"><span class='ocrx_word' id='word_1_9' title='bbox 240 1309 294 1408; x_wconf 86' lang='lat' dir='ltr'><strong>P.</strong></span> <span class='ocrx_word' id='word_1_10' title='bbox 309 1302 703 1408; x_wconf 85' lang='lat' dir='ltr'>VALENTIAE</span> <span class='ocrx_word' id='word_1_11' title='bbox 734 1296 1220 1422; x_wconf 83' lang='lat' dir='ltr'>ACADEMICA‚</span> 
     </span>
    </p>
   </div>
   <div class='ocr_carea' id='block_1_7' title="bbox 372 1500 1088 1583">
    <p class='ocr_par' dir='ltr' id='par_1_7' title="bbox 372 1500 1088 1583">
     <span class='ocr_line' id='line_1_7' title="bbox 372 1500 1088 1583; baseline -0.014 -9"><span class='ocrx_word' id='word_1_12' title='bbox 372 1510 469 1574; x_wconf 86' lang='lat' dir='ltr'>SIVE</span> <span class='ocrx_word' id='word_1_13' title='bbox 494 1508 553 1571; x_wconf 93' lang='lat' dir='ltr'><strong>DE</strong></span> <span class='ocrx_word' id='word_1_14' title='bbox 582 1503 748 1570; x_wconf 86' lang='lat' dir='ltr'>JUDICIO</span> <span class='ocrx_word' id='word_1_15' title='bbox 778 1500 893 1566; x_wconf 80' lang='lat' dir='ltr'>ERGA</span> <span class='ocrx_word' id='word_1_16' title='bbox 916 1500 1088 1583; x_wconf 86' lang='lat' dir='ltr'><strong>VERUM,</strong></span> 
     </span>
    </p>
   </div>
   <div class='ocr_carea' id='block_1_8' title="bbox 546 1655 917 1697">
    <p class='ocr_par' dir='ltr' id='par_1_8' title="bbox 546 1655 917 1697">
     <span class='ocr_line' id='line_1_8' title="bbox 546 1655 917 1697; baseline -0.013 -6"><span class='ocrx_word' id='word_1_17' title='bbox 546 1660 578 1691; x_wconf 80' lang='lat' dir='ltr'><strong>u</strong></span> <span class='ocrx_word' id='word_1_18' title='bbox 595 1658 658 1691; x_wconf 68' lang='grc'><strong>11818</strong></span> <span class='ocrx_word' id='word_1_19' title='bbox 676 1657 762 1689; x_wconf 65' lang='grc'><strong>111118</strong></span> <span class='ocrx_word' id='word_1_20' title='bbox 779 1655 917 1697; x_wconf 68' lang='grc'><strong>1011111111,</strong></span> 
     </span>
    </p>
   </div>
   <div class='ocr_carea' id='block_1_9' title="bbox 234 1783 1233 1948">
    <p class='ocr_par' dir='ltr' id='par_1_9' title="bbox 234 1783 1233 1948">
     <span class='ocr_line' id='line_1_9' title="bbox 234 1783 1233 1847; baseline -0.008 -8"><span class='ocrx_word' id='word_1_21' title='bbox 234 1794 278 1839; x_wconf 80' lang='grc' dir='ltr'><strong>ΔΙ)</strong></span> <span class='ocrx_word' id='word_1_22' title='bbox 296 1792 333 1839; x_wconf 79' lang='grc' dir='ltr'><strong>Μ.</strong></span> <span class='ocrx_word' id='word_1_23' title='bbox 346 1792 376 1837; x_wconf 86' lang='grc' dir='ltr'><strong>Τ.</strong></span> <span class='ocrx_word' id='word_1_24' title='bbox 394 1786 567 1837; x_wconf 76' lang='lat' dir='ltr'>CICERONIS</span> <span class='ocrx_word' id='word_1_25' title='bbox 588 1785 859 1836; x_wconf 77' lang='lat' dir='ltr'>ACADEMICORUM</span> <span class='ocrx_word' id='word_1_26' title='bbox 880 1784 1010 1844; x_wconf 79' lang='lat' dir='ltr'>LIBROS,</span> <span class='ocrx_word' id='word_1_27' title='bbox 1032 1783 1233 1847; x_wconf 68' lang='lat' dir='ltr'><strong>omnious</strong></span> 
     </span>
     <span class='ocr_line' id='line_1_10' title="bbox 392 1882 1069 1948; baseline -0.003 -11"><span class='ocrx_word' id='word_1_28' title='bbox 392 1891 502 1938; x_wconf 82' lang='lat' dir='ltr'>OPERA</span> <span class='ocrx_word' id='word_1_29' title='bbox 520 1887 760 1936; x_wconf 78' lang='lat' dir='ltr'>PHILOSOPHICA</span> <span class='ocrx_word' id='word_1_30' title='bbox 777 1887 1008 1935; x_wconf 80' lang='lat' dir='ltr'>ILLUSTRANDA</span> <span class='ocrx_word' id='word_1_31' title='bbox 1023 1882 1069 1948; x_wconf 90' lang='lat'>(1).</span> 
     </span>
    </p>
   </div>
   <div class='ocr_carea' id='block_1_10' title="bbox 623 2034 861 2058">
    <p class='ocr_par' dir='ltr' id='par_1_10' title="bbox 623 2034 861 2058">
     <span class='ocr_line' id='line_1_11' title="bbox 623 2034 861 2058; baseline -0.004 -7"><span class='ocrx_word' id='word_1_32' title='bbox 623 2034 861 2058; x_wconf 53' lang='lat' dir='ltr'>...o—</span> 
     </span>
    </p>
   </div>
   <div class='ocr_carea' id='block_1_11' title="bbox 197 2145 1275 3897">
    <p class='ocr_par' dir='ltr' id='par_1_11' title="bbox 199 2145 1272 3423">
     <span class='ocr_line' id='line_1_12' title="bbox 203 2145 1269 2261; baseline -0.007 -18"><span class='ocrx_word' id='word_1_33' title='bbox 203 2203 231 2244; x_wconf 88' lang='lat'><strong>1.</strong></span> <span class='ocrx_word' id='word_1_34' title='bbox 247 2145 441 2247; x_wconf 72' lang='lat' dir='ltr'><strong>Sarrurtrru</strong></span> <span class='ocrx_word' id='word_1_35' title='bbox 462 2173 606 2239; x_wconf 90' lang='lat' dir='ltr'><strong>studium</strong></span> <span class='ocrx_word' id='word_1_36' title='bbox 629 2174 779 2261; x_wconf 83' lang='lat' dir='ltr'><strong>gentibus</strong></span> <span class='ocrx_word' id='word_1_37' title='bbox 798 2172 951 2237; x_wconf 86' lang='lat' dir='ltr'><strong>omnibus</strong></span> <span class='ocrx_word' id='word_1_38' title='bbox 972 2174 1048 2235; x_wconf 85' lang='lat' dir='ltr'><strong>satis</strong></span> <span class='ocrx_word' id='word_1_39' title='bbox 1071 2194 1110 2236; x_wconf 84' lang='lat' dir='ltr'><strong>ex</strong></span> <span class='ocrx_word' id='word_1_40' title='bbox 1130 2173 1269 2261; x_wconf 86' lang='lat' dir='ltr'><strong>antiquo</strong></span> 
     </span>
     <span class='ocr_line' id='line_1_13' title="bbox 199 2277 1267 2372; baseline -0.003 -24"><span class='ocrx_word' id='word_1_41' title='bbox 199 2285 232 2348; x_wconf 90' lang='lat' dir='ltr'><strong>in</strong></span> <span class='ocrx_word' id='word_1_42' title='bbox 258 2283 362 2372; x_wconf 84' lang='lat' dir='ltr'><strong>pretio</strong></span> <span class='ocrx_word' id='word_1_43' title='bbox 386 2280 554 2358; x_wconf 85' lang='lat' dir='ltr'><strong>habiturn,</strong></span> <span class='ocrx_word' id='word_1_44' title='bbox 575 2302 637 2341; x_wconf 86' lang='lat' dir='ltr'><strong>nec</strong></span> <span class='ocrx_word' id='word_1_45' title='bbox 659 2280 723 2342; x_wconf 86' lang='lat' dir='ltr'><strong>ulia</strong></span> <span class='ocrx_word' id='word_1_46' title='bbox 745 2277 825 2341; x_wconf 87' lang='lat' dir='ltr'><strong>adeo</strong></span> <span class='ocrx_word' id='word_1_47' title='bbox 848 2278 982 2341; x_wconf 88' lang='lat' dir='ltr'><strong>barbara</strong></span> <span class='ocrx_word' id='word_1_48' title='bbox 1003 2295 1035 2341; x_wconf 88' lang='lat' dir='ltr'><strong>et</strong></span> <span class='ocrx_word' id='word_1_49' title='bbox 1056 2277 1097 2342; x_wconf 89' lang='lat' dir='ltr'><strong>ab</strong></span> <span class='ocrx_word' id='word_1_50' title='bbox 1119 2278 1267 2345; x_wconf 89' lang='lat' dir='ltr'><strong>humano</strong></span> 
     </span>
     <span class='ocr_line' id='line_1_14' title="bbox 199 2383 1268 2471; baseline -0.005 -17"><span class='ocrx_word' id='word_1_51' title='bbox 199 2390 307 2454; x_wconf 84' lang='lat' dir='ltr'><strong>officio</strong></span> <span class='ocrx_word' id='word_1_52' title='bbox 330 2388 431 2450; x_wconf 87' lang='lat' dir='ltr'><strong>aliena</strong></span> <span class='ocrx_word' id='word_1_53' title='bbox 457 2385 545 2447; x_wconf 86' lang='lat' dir='ltr'><strong>natio</strong></span> <span class='ocrx_word' id='word_1_54' title='bbox 570 2384 653 2464; x_wconf 82' lang='lat' dir='ltr'><strong>fuit,</strong></span> <span class='ocrx_word' id='word_1_55' title='bbox 680 2406 751 2469; x_wconf 85' lang='lat' dir='ltr'><strong>quae</strong></span> <span class='ocrx_word' id='word_1_56' title='bbox 777 2406 852 2447; x_wconf 87' lang='lat' dir='ltr'><strong>suos</strong></span> <span class='ocrx_word' id='word_1_57' title='bbox 880 2383 1043 2471; x_wconf 65' lang='lat' dir='ltr'><strong>sapientiae</strong></span> <span class='ocrx_word' id='word_1_58' title='bbox 1067 2386 1268 2471; x_wconf 84' lang='lat' dir='ltr'><strong>professores</strong></span> 
     </span>
     <span class='ocr_line' id='line_1_15' title="bbox 200 2486 1268 2576; baseline -0.002 -21"><span class='ocrx_word' id='word_1_59' title='bbox 200 2516 267 2555; x_wconf 88' lang='lat' dir='ltr'><strong>non</strong></span> <span class='ocrx_word' id='word_1_60' title='bbox 287 2491 436 2554; x_wconf 82' lang='lat' dir='ltr'>habuerit</span> <span class='ocrx_word' id='word_1_61' title='bbox 455 2504 487 2551; x_wconf 87' lang='lat' dir='ltr'><strong>et</strong></span> <span class='ocrx_word' id='word_1_62' title='bbox 509 2486 654 2550; x_wconf 84' lang='lat' dir='ltr'><strong>laudarit.</strong></span> <span class='ocrx_word' id='word_1_63' title='bbox 681 2488 803 2552; x_wconf 88' lang='lat' dir='ltr'><strong>Verum</strong></span> <span class='ocrx_word' id='word_1_64' title='bbox 830 2490 995 2552; x_wconf 80' lang='lat' dir='ltr'><strong>enImvero</strong></span> <span class='ocrx_word' id='word_1_65' title='bbox 1021 2510 1088 2552; x_wconf 87' lang='lat' dir='ltr'><strong>non</strong></span> <span class='ocrx_word' id='word_1_66' title='bbox 1111 2512 1204 2576; x_wconf 83' lang='lat' dir='ltr'><strong>aeque</strong></span> <span class='ocrx_word' id='word_1_67' title='bbox 1228 2513 1268 2554; x_wconf 80' lang='lat' dir='ltr'><strong>ex</strong></span> 
     </span>
     <span class='ocr_line' id='line_1_16' title="bbox 200 2594 1267 2684; baseline -0.001 -24"><span class='ocrx_word' id='word_1_68' title='bbox 200 2597 335 2682; x_wconf 87' lang='lat' dir='ltr'><strong>antiquo</strong></span> <span class='ocrx_word' id='word_1_69' title='bbox 361 2594 447 2683; x_wconf 89' lang='lat' dir='ltr'><strong>apud</strong></span> <span class='ocrx_word' id='word_1_70' title='bbox 470 2595 565 2674; x_wconf 85' lang='lat' dir='ltr'><strong>alios,</strong></span> <span class='ocrx_word' id='word_1_71' title='bbox 588 2610 621 2656; x_wconf 86' lang='lat' dir='ltr'><strong>et</strong></span> <span class='ocrx_word' id='word_1_72' title='bbox 643 2595 721 2658; x_wconf 86' lang='lat' dir='ltr'><strong>alios</strong></span> <span class='ocrx_word' id='word_1_73' title='bbox 746 2597 884 2684; x_wconf 89' lang='lat' dir='ltr'><strong>populos</strong></span> <span class='ocrx_word' id='word_1_74' title='bbox 906 2594 940 2658; x_wconf 87' lang='lat' dir='ltr'><strong>id</strong></span> <span class='ocrx_word' id='word_1_75' title='bbox 962 2594 1107 2658; x_wconf 90' lang='lat' dir='ltr'><strong>studium</strong></span> <span class='ocrx_word' id='word_1_76' title='bbox 1131 2596 1267 2659; x_wconf 86' lang='lat' dir='ltr'><strong>claruit:</strong></span> 
     </span>
     <span class='ocr_line' id='line_1_17' title="bbox 201 2701 1269 2789; baseline -0.001 -23"><span class='ocrx_word' id='word_1_77' title='bbox 201 2701 302 2766; x_wconf 85' lang='lat' dir='ltr'><strong>serius</strong></span> <span class='ocrx_word' id='word_1_78' title='bbox 321 2701 408 2764; x_wconf 84' lang='lat' dir='ltr'><strong>enim</strong></span> <span class='ocrx_word' id='word_1_79' title='bbox 425 2701 478 2764; x_wconf 85' lang='lat' dir='ltr'><strong>alii</strong></span> <span class='ocrx_word' id='word_1_80' title='bbox 493 2701 561 2764; x_wconf 88' lang='lat' dir='ltr'><strong>aliis</strong></span> <span class='ocrx_word' id='word_1_81' title='bbox 580 2701 742 2789; x_wconf 80' lang='lat' dir='ltr'><strong>sapientiae</strong></span> <span class='ocrx_word' id='word_1_82' title='bbox 757 2718 922 2766; x_wconf 78' lang='lat' dir='ltr'><strong>vacarunt.</strong></span> <span class='ocrx_word' id='word_1_83' title='bbox 943 2701 1062 2782; x_wconf 85' lang='lat' dir='ltr'><strong>Graeci,</strong></span> <span class='ocrx_word' id='word_1_84' title='bbox 1079 2703 1136 2788; x_wconf 90' lang='lat' dir='ltr'><strong>qui</strong></span> <span class='ocrx_word' id='word_1_85' title='bbox 1154 2702 1269 2789; x_wconf 83' lang='lat' dir='ltr'><strong>praeci·</strong></span> 
     </span>
     <span class='ocr_line' id='line_1_18' title="bbox 200 2804 1270 2895; baseline -0.001 -25"><span class='ocrx_word' id='word_1_86' title='bbox 200 2829 298 2895; x_wconf 87' lang='lat' dir='ltr'><strong>puam</strong></span> <span class='ocrx_word' id='word_1_87' title='bbox 310 2807 343 2868; x_wconf 88' lang='lat' dir='ltr'><strong>in</strong></span> <span class='ocrx_word' id='word_1_88' title='bbox 357 2805 417 2869; x_wconf 86' lang='lat' dir='ltr'><strong>hac</strong></span> <span class='ocrx_word' id='word_1_89' title='bbox 429 2828 464 2866; x_wconf 87' lang='lat' dir='ltr'><strong>re</strong></span> <span class='ocrx_word' id='word_1_90' title='bbox 480 2804 608 2868; x_wconf 86' lang='lat' dir='ltr'><strong>laudem</strong></span> <span class='ocrx_word' id='word_1_91' title='bbox 621 2805 802 2886; x_wconf 82' lang='lat' dir='ltr'><strong>vindicant,</strong></span> <span class='ocrx_word' id='word_1_92' title='bbox 824 2807 850 2868; x_wconf 89' lang='lat' dir='ltr'><strong>si</strong></span> <span class='ocrx_word' id='word_1_93' title='bbox 864 2827 939 2869; x_wconf 90' lang='lat' dir='ltr'><strong>cum</strong></span> <span class='ocrx_word' id='word_1_94' title='bbox 953 2806 1033 2868; x_wconf 81' lang='lat' dir='ltr'><strong>Asiae</strong></span> <span class='ocrx_word' id='word_1_95' title='bbox 1048 2822 1139 2868; x_wconf 87' lang='lat' dir='ltr'><strong>terrae</strong></span> <span class='ocrx_word' id='word_1_96' title='bbox 1153 2806 1270 2869; x_wconf 89' lang='lat' dir='ltr'><strong>incolis</strong></span> 
     </span>
     <span class='ocr_line' id='line_1_19' title="bbox 201 2901 1268 2998; baseline -0.001 -22"><span class='ocrx_word' id='word_1_97' title='bbox 201 2912 419 2991; x_wconf 82' lang='lat' dir='ltr'><strong>conferantur,</strong></span> <span class='ocrx_word' id='word_1_98' title='bbox 430 2911 537 2998; x_wconf 89' lang='lat' dir='ltr'><strong>pueri,</strong></span> <span class='ocrx_word' id='word_1_99' title='bbox 549 2901 639 2998; x_wconf 80' lang='lat' dir='ltr'><strong>quud</strong></span> <span class='ocrx_word' id='word_1_100' title='bbox 649 2912 802 2975; x_wconf 84' lang='lat' dir='ltr'><strong>doctrinae</strong></span> <span class='ocrx_word' id='word_1_101' title='bbox 815 2928 938 2975; x_wconf 78' lang='lat' dir='ltr'><strong>aetatem</strong></span> <span class='ocrx_word' id='word_1_102' title='bbox 949 2927 1086 2998; x_wconf 85' lang='lat' dir='ltr'><strong>spectat,</strong></span> <span class='ocrx_word' id='word_1_103' title='bbox 1095 2911 1268 2975; x_wconf 82' lang='lat' dir='ltr'><strong>censendi:</strong></span> 
     </span>
     <span class='ocr_line' id='line_1_20' title="bbox 201 3017 1272 3106; baseline -0.001 -24"><span class='ocrx_word' id='word_1_104' title='bbox 201 3019 249 3082; x_wconf 88' lang='lat' dir='ltr'><strong>uti</strong></span> <span class='ocrx_word' id='word_1_105' title='bbox 264 3019 305 3081; x_wconf 86' lang='lat' dir='ltr'><strong>ab</strong></span> <span class='ocrx_word' id='word_1_106' title='bbox 320 3018 475 3106; x_wconf 85' lang='lat' dir='ltr'><strong>AEgyptio</strong></span> <span class='ocrx_word' id='word_1_107' title='bbox 492 3019 635 3105; x_wconf 87' lang='lat' dir='ltr'><strong>sapiente</strong></span> <span class='ocrx_word' id='word_1_108' title='bbox 654 3019 765 3082; x_wconf 85' lang='lat' dir='ltr'><strong>Soloni</strong></span> <span class='ocrx_word' id='word_1_109' title='bbox 783 3017 956 3104; x_wconf 85' lang='lat' dir='ltr'><strong>aliquando</strong></span> <span class='ocrx_word' id='word_1_110' title='bbox 973 3017 1140 3097; x_wconf 83' lang='lat' dir='ltr'><strong>objectum</strong></span> <span class='ocrx_word' id='word_1_111' title='bbox 1160 3034 1272 3081; x_wconf 85' lang='lat' dir='ltr'><strong>narrat</strong></span> 
     </span>
     <span class='ocr_line' id='line_1_21' title="bbox 199 3121 1271 3209; baseline -0.002 -23"><span class='ocrx_word' id='word_1_112' title='bbox 199 3124 235 3185; x_wconf 89' lang='lat' dir='ltr'><strong>in</strong></span> <span class='ocrx_word' id='word_1_113' title='bbox 248 3124 370 3186; x_wconf 63' lang='lat' dir='ltr'><strong>Timaeo</strong></span> <span class='ocrx_word' id='word_1_114' title='bbox 386 3123 487 3186; x_wconf 79' lang='lat' dir='ltr'><strong>Plato,</strong></span> <span class='ocrx_word' id='word_1_115' title='bbox 504 3123 609 3202; x_wconf 88' lang='lat' dir='ltr'><strong>Hujus</strong></span> <span class='ocrx_word' id='word_1_116' title='bbox 626 3147 662 3186; x_wconf 88' lang='lat' dir='ltr'><strong>ea</strong></span> <span class='ocrx_word' id='word_1_117' title='bbox 679 3147 775 3187; x_wconf 87' lang='lat' dir='ltr'><strong>causa</strong></span> <span class='ocrx_word' id='word_1_118' title='bbox 791 3124 889 3187; x_wconf 86' lang='lat' dir='ltr'><strong>fuisse</strong></span> <span class='ocrx_word' id='word_1_119' title='bbox 904 3121 1053 3186; x_wconf 79' lang='lat' dir='ltr'><strong>ridetur:</strong></span> <span class='ocrx_word' id='word_1_120' title='bbox 1071 3145 1145 3185; x_wconf 90' lang='lat' dir='ltr'><strong>nam</strong></span> <span class='ocrx_word' id='word_1_121' title='bbox 1162 3144 1271 3209; x_wconf 88' lang='lat' dir='ltr'><strong>quum</strong></span> 
     </span>
     <span class='ocr_line' id='line_1_22' title="bbox 200 3228 1272 3317; baseline -0.001 -25"><span class='ocrx_word' id='word_1_122' title='bbox 200 3228 355 3315; x_wconf 84' lang='lat' dir='ltr'><strong>sapientia</strong></span> <span class='ocrx_word' id='word_1_123' title='bbox 372 3228 441 3308; x_wconf 84' lang='lat' dir='ltr'><strong>iila,</strong></span> <span class='ocrx_word' id='word_1_124' title='bbox 458 3251 529 3314; x_wconf 84' lang='lat' dir='ltr'><strong>quae</strong></span> <span class='ocrx_word' id='word_1_125' title='bbox 545 3228 679 3292; x_wconf 87' lang='lat' dir='ltr'><strong>humani</strong></span> <span class='ocrx_word' id='word_1_126' title='bbox 696 3229 816 3317; x_wconf 86' lang='lat' dir='ltr'><strong>ingenii</strong></span> <span class='ocrx_word' id='word_1_127' title='bbox 833 3251 929 3315; x_wconf 89' lang='lat' dir='ltr'><strong>opera</strong></span> <span class='ocrx_word' id='word_1_128' title='bbox 948 3244 980 3291; x_wconf 88' lang='lat' dir='ltr'><strong>et</strong></span> <span class='ocrx_word' id='word_1_129' title='bbox 998 3228 1107 3291; x_wconf 85' lang='lat' dir='ltr'><strong>studio</strong></span> <span class='ocrx_word' id='word_1_130' title='bbox 1125 3244 1272 3315; x_wconf 85' lang='lat' dir='ltr'><strong>paratur,</strong></span> 
     </span>
     <span class='ocr_line' id='line_1_23' title="bbox 200 3333 1272 3423; baseline 0.001 -26"><span class='ocrx_word' id='word_1_131' title='bbox 200 3355 267 3397; x_wconf 88' lang='lat' dir='ltr'><strong>non</strong></span> <span class='ocrx_word' id='word_1_132' title='bbox 287 3335 347 3396; x_wconf 89' lang='lat' dir='ltr'><strong>uisi</strong></span> <span class='ocrx_word' id='word_1_133' title='bbox 364 3334 474 3396; x_wconf 91' lang='lat' dir='ltr'><strong>otiosis</strong></span> <span class='ocrx_word' id='word_1_134' title='bbox 491 3349 523 3396; x_wconf 91' lang='lat' dir='ltr'><strong>et</strong></span> <span class='ocrx_word' id='word_1_135' title='bbox 543 3334 575 3395; x_wconf 88' lang='lat' dir='ltr'><strong>iu</strong></span> <span class='ocrx_word' id='word_1_136' title='bbox 596 3357 672 3423; x_wconf 82' lang='lat' dir='ltr'><strong>pace</strong></span> <span class='ocrx_word' id='word_1_137' title='bbox 694 3334 880 3421; x_wconf 83' lang='lat' dir='ltr'><strong>agentibus,</strong></span> <span class='ocrx_word' id='word_1_138' title='bbox 897 3335 1031 3421; x_wconf 84' lang='lat' dir='ltr'><strong>ejusque</strong></span> <span class='ocrx_word' id='word_1_139' title='bbox 1049 3333 1272 3423; x_wconf 80' lang='lat' dir='ltr'><strong>satagentibus</strong></span> 
     </span>
    </p>

    <p class='ocr_par' dir='ltr' id='par_1_12' title="bbox 197 3478 1275 3897">
     <span class='ocr_line' id='line_1_24' title="bbox 234 3478 1274 3545; baseline -0.003 -18"><span class='ocrx_word' id='word_1_140' title='bbox 234 3479 273 3545; x_wconf 89' lang='lat' dir='ltr'><strong>(r)</strong></span> <span class='ocrx_word' id='word_1_141' title='bbox 290 3483 375 3528; x_wconf 83' lang='lat' dir='ltr'><strong>Petrus</strong></span> <span class='ocrx_word' id='word_1_142' title='bbox 388 3478 515 3540; x_wconf 82' lang='lat' dir='ltr'><strong>Valentia,</strong></span> <span class='ocrx_word' id='word_1_143' title='bbox 529 3490 586 3528; x_wconf 88' lang='lat' dir='ltr'><strong>ortu</strong></span> <span class='ocrx_word' id='word_1_144' title='bbox 604 3479 770 3530; x_wconf 83' lang='lat' dir='ltr'><strong>Cordubensis</strong></span> <span class='ocrx_word' id='word_1_145' title='bbox 786 3483 868 3540; x_wconf 69' lang='lat'><strong>1554,</strong></span> <span class='ocrx_word' id='word_1_146' title='bbox 888 3483 968 3545; x_wconf 86' lang='lat' dir='ltr'><strong>quise</strong></span> <span class='ocrx_word' id='word_1_147' title='bbox 982 3491 1062 3529; x_wconf 85' lang='lat' dir='ltr'><strong>tamen</strong></span> <span class='ocrx_word' id='word_1_148' title='bbox 1075 3480 1214 3527; x_wconf 78' lang='lat' dir='ltr'><strong>Zsfreuseur</strong></span> <span class='ocrx_word' id='word_1_149' title='bbox 1232 3478 1274 3524; x_wconf 91' lang='lat' dir='ltr'><strong>iu·</strong></span> 
     </span>
     <span class='ocr_line' id='line_1_25' title="bbox 198 3566 1272 3634; baseline -0.002 -18"><span class='ocrx_word' id='word_1_150' title='bbox 198 3568 310 3632; x_wconf 79' lang='lat' dir='ltr'><strong>scripsit,</strong></span> <span class='ocrx_word' id='word_1_151' title='bbox 323 3566 393 3630; x_wconf 88' lang='lat' dir='ltr'><strong>quud</strong></span> <span class='ocrx_word' id='word_1_152' title='bbox 406 3567 524 3630; x_wconf 82' lang='lat' dir='ltr'><strong>originem</strong></span> <span class='ocrx_word' id='word_1_153' title='bbox 537 3584 550 3615; x_wconf 86' lang='lat' dir='ltr'><strong>e</strong></span> <span class='ocrx_word' id='word_1_154' title='bbox 568 3569 637 3615; x_wconf 82' lang='lat' dir='ltr'><strong>ZaIra</strong></span> <span class='ocrx_word' id='word_1_155' title='bbox 655 3579 787 3632; x_wconf 81' lang='lat' dir='ltr'><strong>repeteret,</strong></span> <span class='ocrx_word' id='word_1_156' title='bbox 801 3570 896 3634; x_wconf 83' lang='lat' dir='ltr'><strong>oppido</strong></span> <span class='ocrx_word' id='word_1_157' title='bbox 912 3570 938 3616; x_wconf 88' lang='lat' dir='ltr'><strong>in</strong></span> <span class='ocrx_word' id='word_1_158' title='bbox 954 3579 1059 3616; x_wconf 85' lang='lat' dir='ltr'><strong>extrema</strong></span> <span class='ocrx_word' id='word_1_159' title='bbox 1073 3567 1169 3614; x_wconf 81' lang='lat' dir='ltr'><strong>Baetica.</strong></span> <span class='ocrx_word' id='word_1_160' title='bbox 1184 3567 1272 3614; x_wconf 85' lang='lat' dir='ltr'><strong>Homo</strong></span> 
     </span>
     <span class='ocr_line' id='line_1_26' title="bbox 198 3655 1275 3720; baseline -0.002 -15"><span class='ocrx_word' id='word_1_161' title='bbox 198 3673 250 3705; x_wconf 86' lang='lat' dir='ltr'><strong>nou</strong></span> <span class='ocrx_word' id='word_1_162' title='bbox 267 3657 398 3720; x_wconf 74' lang='lat' dir='ltr'><strong>vulgariter</strong></span> <span class='ocrx_word' id='word_1_163' title='bbox 418 3655 519 3714; x_wconf 84' lang='lat' dir='ltr'><strong>doctus,</strong></span> <span class='ocrx_word' id='word_1_164' title='bbox 539 3666 563 3704; x_wconf 89' lang='lat' dir='ltr'><strong>et</strong></span> <span class='ocrx_word' id='word_1_165' title='bbox 576 3657 636 3719; x_wconf 90' lang='lat' dir='ltr'><strong>qui,</strong></span> <span class='ocrx_word' id='word_1_166' title='bbox 655 3659 737 3705; x_wconf 76' lang='lat' dir='ltr'><strong>nescit&gt;</strong></span> <span class='ocrx_word' id='word_1_167' title='bbox 755 3674 786 3705; x_wconf 83' lang='lat' dir='ltr'><strong>ru</strong></span> <span class='ocrx_word' id='word_1_168' title='bbox 807 3660 917 3706; x_wconf 86' lang='lat' dir='ltr'><strong>omniurn</strong></span> <span class='ocrx_word' id='word_1_169' title='bbox 940 3657 1112 3715; x_wconf 68' lang='lat' dir='ltr'><strong>solertissime,</strong></span> <span class='ocrx_word' id='word_1_170' title='bbox 1131 3657 1157 3703; x_wconf 86' lang='lat' dir='ltr'><strong>in</strong></span> <span class='ocrx_word' id='word_1_171' title='bbox 1176 3656 1275 3703; x_wconf 77' lang='lat' dir='ltr'><strong>veteris</strong></span> 
     </span>
     <span class='ocr_line' id='line_1_27' title="bbox 198 3742 1275 3808; baseline 0 -19"><span class='ocrx_word' id='word_1_172' title='bbox 198 3743 359 3807; x_wconf 80' lang='lat' dir='ltr'><strong>phiIosophite</strong></span> <span class='ocrx_word' id='word_1_173' title='bbox 370 3742 443 3806; x_wconf 78' lang='lat' dir='ltr'><strong>adyta</strong></span> <span class='ocrx_word' id='word_1_174' title='bbox 455 3753 631 3806; x_wconf 83' lang='lat' dir='ltr'><strong>penetraverat.</strong></span> <span class='ocrx_word' id='word_1_175' title='bbox 640 3743 791 3792; x_wconf 83' lang='lat' dir='ltr'><strong>Academica</strong></span> <span class='ocrx_word' id='word_1_176' title='bbox 802 3745 927 3793; x_wconf 81' lang='lat' dir='ltr'><strong>Ciuerouis</strong></span> <span class='ocrx_word' id='word_1_177' title='bbox 940 3761 995 3808; x_wconf 80' lang='lat' dir='ltr'><strong>quat</strong></span> <span class='ocrx_word' id='word_1_178' title='bbox 1009 3753 1154 3807; x_wconf 74' lang='lat' dir='ltr'><strong>supersunt.</strong></span> <span class='ocrx_word' id='word_1_179' title='bbox 1167 3743 1275 3807; x_wconf 78' lang='lat' dir='ltr'><strong>mutila,</strong></span> 
     </span>
     <span class='ocr_line' id='line_1_28' title="bbox 197 3829 1270 3897; baseline 0.003 -22"><span class='ocrx_word' id='word_1_180' title='bbox 197 3829 302 3892; x_wconf 78' lang='lat' dir='ltr'><strong>ideoque</strong></span> <span class='ocrx_word' id='word_1_181' title='bbox 315 3830 430 3886; x_wconf 80' lang='lat' dir='ltr'><strong>obseura,</strong></span> <span class='ocrx_word' id='word_1_182' title='bbox 449 3846 499 3878; x_wconf 85' lang='lat' dir='ltr'><strong>nort</strong></span> <span class='ocrx_word' id='word_1_183' title='bbox 516 3831 629 3879; x_wconf 83' lang='lat' dir='ltr'><strong>brevibus</strong></span> <span class='ocrx_word' id='word_1_184' title='bbox 646 3831 744 3894; x_wconf 87' lang='lat' dir='ltr'><strong>quidem</strong></span> <span class='ocrx_word' id='word_1_185' title='bbox 763 3832 939 3897; x_wconf 70' lang='lat' dir='ltr'><strong>disjunctisque</strong></span> <span class='ocrx_word' id='word_1_186' title='bbox 960 3833 1075 3890; x_wconf 83' lang='lat' dir='ltr'><strong>scholiis,</strong></span> <span class='ocrx_word' id='word_1_187' title='bbox 1089 3842 1113 3878; x_wconf 81' lang='lat' dir='ltr'><strong>rt</strong></span> <span class='ocrx_word' id='word_1_188' title='bbox 1128 3831 1270 3878; x_wconf 84' lang='lat' dir='ltr'><strong>continenti</strong></span> 
     </span>
    </p>
   </div>
   <div class='ocr_carea' id='block_1_12' title="bbox 198 3916 1275 3982">
    <p class='ocr_par' dir='ltr' id='par_1_13' title="bbox 198 3916 1275 3982">
     <span class='ocr_line' id='line_1_29' title="bbox 198 3916 1275 3982; baseline 0.001 -18"><span class='ocrx_word' id='word_1_189' title='bbox 198 3916 308 3964; x_wconf 80' lang='lat' dir='ltr'><strong>oratioue</strong></span> <span class='ocrx_word' id='word_1_190' title='bbox 321 3919 353 3963; x_wconf 81' lang='lat' dir='ltr'><strong>ita</strong></span> <span class='ocrx_word' id='word_1_191' title='bbox 367 3919 517 3981; x_wconf 78' lang='lat' dir='ltr'><strong>explanarit,</strong></span> <span class='ocrx_word' id='word_1_192' title='bbox 536 3929 564 3965; x_wconf 88' lang='lat' dir='ltr'><strong>ut</strong></span> <span class='ocrx_word' id='word_1_193' title='bbox 582 3920 642 3965; x_wconf 85' lang='lat' dir='ltr'><strong>mihi</strong></span> <span class='ocrx_word' id='word_1_194' title='bbox 658 3920 725 3967; x_wconf 83' lang='lat' dir='ltr'><strong>solus</strong></span> <span class='ocrx_word' id='word_1_195' title='bbox 745 3936 772 3966; x_wconf 80' lang='lat' dir='ltr'><strong>ea</strong></span> <span class='ocrx_word' id='word_1_196' title='bbox 788 3920 934 3968; x_wconf 82' lang='lat' dir='ltr'><strong>intellexisse</strong></span> <span class='ocrx_word' id='word_1_197' title='bbox 956 3919 1076 3968; x_wconf 80' lang='lat' dir='ltr'><strong>rideatur.</strong></span> <span class='ocrx_word' id='word_1_198' title='bbox 1098 3920 1167 3982; x_wconf 91' lang='lat' dir='ltr'><strong>Opus</strong></span> <span class='ocrx_word' id='word_1_199' title='bbox 1193 3918 1275 3979; x_wconf 88' lang='lat' dir='ltr'><strong>illud,</strong></span> 
     </span>
    </p>
   </div>
   <div class='ocr_carea' id='block_1_13' title="bbox 198 4003 1271 4159">
    <p class='ocr_par' dir='ltr' id='par_1_14' title="bbox 198 4003 1271 4159">
     <span class='ocr_line' id='line_1_30' title="bbox 198 4003 1271 4070; baseline 0.004 -20"><span class='ocrx_word' id='word_1_200' title='bbox 198 4003 317 4050; x_wconf 79' lang='lat' dir='ltr'><strong>hacteuus</strong></span> <span class='ocrx_word' id='word_1_201' title='bbox 332 4006 494 4064; x_wconf 80' lang='lat' dir='ltr'><strong>rarissimum,</strong></span> <span class='ocrx_word' id='word_1_202' title='bbox 511 4005 644 4069; x_wconf 73' lang='lat' dir='ltr'><strong>paucisque</strong></span> <span class='ocrx_word' id='word_1_203' title='bbox 663 4008 805 4070; x_wconf 80' lang='lat' dir='ltr'><strong>cognitum,</strong></span> <span class='ocrx_word' id='word_1_204' title='bbox 830 4007 922 4070; x_wconf 82' lang='lat' dir='ltr'><strong>prodiit</strong></span> <span class='ocrx_word' id='word_1_205' title='bbox 935 4024 965 4056; x_wconf 86' lang='lat' dir='ltr'><strong>ex</strong></span> <span class='ocrx_word' id='word_1_206' title='bbox 984 4006 1083 4055; x_wconf 81' lang='lat' dir='ltr'><strong>officina</strong></span> <span class='ocrx_word' id='word_1_207' title='bbox 1097 4006 1271 4063; x_wconf 59' lang='lat' dir='ltr'><strong>Plautinum,</strong></span> 
     </span>
     <span class='ocr_line' id='line_1_31' title="bbox 198 4090 1121 4159; baseline 0.004 -22"><span class='ocrx_word' id='word_1_208' title='bbox 198 4106 263 4138; x_wconf 85' lang='lat' dir='ltr'><strong>auno</strong></span> <span class='ocrx_word' id='word_1_209' title='bbox 277 4090 353 4155; x_wconf 80' lang='lat'><strong>1596.</strong></span> <span class='ocrx_word' id='word_1_210' title='bbox 372 4093 446 4142; x_wconf 78' lang='lat' dir='ltr'><strong>Orrv.</strong></span> <span class='ocrx_word' id='word_1_211' title='bbox 455 4093 480 4141; x_wconf 76' lang='lat' dir='ltr'><strong>tir</strong></span> <span class='ocrx_word' id='word_1_212' title='bbox 493 4092 566 4157; x_wconf 69' lang='lat' dir='ltr'><strong>Presfi</strong></span> <span class='ocrx_word' id='word_1_213' title='bbox 576 4094 634 4141; x_wconf 78' lang='lat' dir='ltr'><strong>novi</strong></span> <span class='ocrx_word' id='word_1_214' title='bbox 644 4094 741 4142; x_wconf 79' lang='lat' dir='ltr'><strong>consilii</strong></span> <span class='ocrx_word' id='word_1_215' title='bbox 754 4094 785 4142; x_wconf 84' lang='lat' dir='ltr'><strong>de</strong></span> <span class='ocrx_word' id='word_1_216' title='bbox 793 4094 888 4143; x_wconf 74' lang='lat' dir='ltr'><strong>edendo</strong></span> <span class='ocrx_word' id='word_1_217' title='bbox 900 4095 1030 4153; x_wconf 79' lang='lat' dir='ltr'><strong>Cicerone,</strong></span> <span class='ocrx_word' id='word_1_218' title='bbox 1042 4112 1069 4159; x_wconf 83' lang='lat' dir='ltr'><strong>p.</strong></span> <span class='ocrx_word' id='word_1_219' title='bbox 1083 4094 1121 4142; x_wconf 79' lang='lat'><strong>13.</strong></span> 
     </span>
    </p>
   </div>
   <div class='ocr_carea' id='block_1_14' title="bbox 75 4414 228 4514">
    <p class='ocr_par' dir='ltr' id='par_1_15' title="bbox 75 4414 228 4514">
     <span class='ocr_line' id='line_1_32' title="bbox 75 4414 228 4514; baseline -0.013 1"><span class='ocrx_word' id='word_1_220' title='bbox 75 4414 228 4514; x_wconf 57' lang='grc' dir='ltr'>ἢ</span> 
     </span>
    </p>
   </div>
   <div class='ocr_carea' id='block_1_15' title="bbox 0 0 1350 4800">
    <p class='ocr_par' dir='ltr' id='par_1_16' title="bbox 0 0 1350 4800">
     <span class='ocr_line' id='line_1_33' title="bbox 0 0 1350 4800; baseline 0 0"><span class='ocrx_word' id='word_1_221' title='bbox 0 0 1350 4800; x_wconf 95' lang='lat' dir='ltr'><strong> </strong></span> 
     </span>
    </p>
   </div>
  </div>
 </body>
</html>
