2640 5214
478 340 807 414 turnonocrro.
1136 370 1175 445 ¹7

119 464 243 561 quidem
254 466 398 554 primum
411 485 452 528 eo
464 464 619 552 pertinet,
636 463 728 553 quod
742 481 808 528 tam
822 485 939 553 parum
952 464 986 527 in
998 450 1179 535 Academiae

124 577 214 642 totius
227 571 460 660 descriptione,
484 572 516 650 1,
534 594 562 635 c.
584 594 639 653 ra,
666 569 706 634 de
726 569 865 636 Arcesila
887 572 1065 636 monetur:
1088 575 1180 661 quod

129 698 205 746 certo
216 702 252 744 ex
262 679 341 743 vitio
353 678 386 740 in
403 677 467 741 hoc
478 675 566 758 viro,
579 676 636 763 qui
652 692 774 740 tantam
790 675 855 740 rim
872 676 905 738 in
923 698 1040 740 novam
1055 679 1181 745 Acade·

134 786 213 849 uiam
222 784 350 865 habuit,
365 784 487 846 factum
502 784 595 863 foret,
608 781 670 845 nisi
683 798 798 847 auctor
811 783 873 846 alio
887 782 1006 847 horum
1021 784 1181 850 librorum

136 890 195 955 loco
208 892 270 972 ejus
291 889 483 954 sententiam
501 891 681 954 accuratius
702 889 896 976 expositam,
923 905 955 952 et
971 888 1012 953 ad
1029 891 1181 956 Antiochi

139 995 250 1059 tationes
275 980 450 1073 collatam,
473 992 658 1057 inclusurus
684 992 809 1057 fuisset.
839 993 1042 1058 Antiochum
1070 1012 1183 1061 autem

89 1096 97 1111 ⁰
143 1115 226 1163 coum
236 1098 407 1163 Arcesilam
419 1095 514 1160 latius
529 1098 726 1186 disputasse,
742 1097 791 1160 vel
808 1120 847 1160 ex
859 1097 898 1161 iis
909 1096 1031 1161 clarum
1043 1098 1182 1184 videtur,

145 1202 346 1289 qttebncullus
357 1225 396 1264 ex
407 1202 505 1281 hujus
518 1217 627 1265 mente
640 1201 682 1265 de
696 1202 780 1265 illius
790 1201 824 1264 in
836 1218 959 1265 veteres
968 1203 1184 1293 philosophos

143 1308 287 1391 ulamma,
304 1331 377 1396 quoe
389 1291 518 1386 dicitur,
536 1330 563 1370 c.
583 1305 601 1369 5
619 1323 652 1370 et
668 1306 690 1370 6
705 1305 850 1387 disserit,
867 1305 972 1395 deque
985 1308 1054 1372 aliis
1067 1311 1182 1394 rebus,

143 1434 250 1498 quarum
270 1435 366 1478 causa
391 1412 460 1493 ejus
483 1412 606 1475 mentio
629 1411 782 1491 injicitur.
811 1414 885 1476 Huc
910 1410 1012 1494 adde,
1035 1414 1126 1501 quod
1144 1438 1185 1481 ex

142 1519 223 1603 paucis
236 1520 295 1584 illis
312 1518 517 1606 fragmentis,
534 1541 607 1605 quae
623 1541 662 1582 ex
677 1518 709 1582 ll
722 1518 807 1582 libro
823 1516 946 1582 Acadd.
964 1521 1182 1607 posteriorum

142 1640 249 1707 rotant,
269 1625 396 1688 nullum
419 1623 476 1703 sit,
499 1621 589 1710 quod
608 1622 650 1686 ad
672 1622 769 1702 hujus
795 1624 990 1687 senteutiam
1009 1647 1076 1688 non
1095 1642 1183 1692 recte

141 1730 216 1812 possit
227 1729 397 1819 applicari,
415 1750 520 1792 unum
532 1745 659 1810 autem,
674 1726 765 1816 quod
776 1728 903 1792 Nonius
918 1728 1030 1810 affert,
1048 1727 1089 1792 ad
1105 1753 1182 1797 eum

140 1835 384 1925 solampertinere
393 1834 550 1899 videatur.
562 1835 622 1898 Hic
632 1835 736 1915 enim,
745 1856 816 1898 voc.
822 1835 964 1899 Siccam:
975 1834 1084 1899 «Alius
1093 1836 1183 1901 adul·

141 1937 257 2020 tinalius
273 1942 423 2024 senibus;
442 1941 523 2004 alius
539 1941 650 2029 aegris,
670 1940 750 2004 alius
765 1940 867 2021 sanis,
882 1941 962 2005 alius
979 1941 1087 2024 siccis,
1099 1942 1181 2007 alius

139 2041 280 2113 molentis
290 2080 313 2113 ι.
325 2048 402 2111 Haec
413 2045 510 2110 verba
522 2045 718 2133 aenigmatis,
730 2045 784 2108 vix
795 2045 957 2122 solvendi,
969 2047 1043 2111 loco
1057 2047 1181 2130 forent,

138 2147 182 2214 nisi
194 2154 225 2218 iis
239 2153 440 2242 repentinam
458 2149 634 2239 quamdam
650 2149 757 2213 lucem
773 2149 964 2214 accenderet
976 2151 1063 2215 Sext.
1083 2153 1180 2241 Emp.

137 2246 195 2335 Vll,
206 2255 265 2333 413
277 2278 285 2320 :
300 2260 450 2334 ptscsso'lln
464 2260 511 2332 γὰρ
524 2255 647 2331 (χρῶμα)
657 2260 725 2312 κατὰ
736 2260 810 2330 ὥρας,
824 2260 954 2330 inimice,
966 2263 1058 2329 preste,
1067 2263 1179 2325 ἡλικίας,

134 2366 264 2431 woicam,
287 2368 389 2428 νόσους,
411 2366 511 2436 ὑγείαν,
534 2364 628 2427 ὕπνον,
647 2362 802 2434 ἐγρήγορσιν
828 2363 877 2422 dict
898 2364 925 2415 ci
946 2365 988 2432 pir
1017 2364 1093 2424 οὕτως
1120 2366 1180 2417 adri

134 2459 285 2524 uomitu,
302 2458 445 2529 γιγνώσκειν
466 2456 552 2527 ἡμᾶς,
572 2457 600 2508 τὸ
621 2451 665 2519 di,
682 2457 705 2509 τί
724 2457 761 2515 let
780 2462 837 2506 κατ’
857 2454 984 2521 bitures,
1006 2455 1110 2524 ἀγνοεῖν.
1131 2446 1180 2510 Ex

133 2541 170 2611 his
180 2553 369 2643 intelligitur,
379 2553 429 2642 agi
440 2553 494 2616 illo
505 2552 579 2614 loco
589 2550 629 2612 de
639 2549 757 2612 coloris
768 2549 984 2612 inconstantia
996 2550 1030 2611 in
1043 2549 1178 2615 homine

130 2646 239 2722 diversis
252 2658 415 2737 aetatibus,
430 2654 692 2734 conditionibus,
709 2670 770 2717 etc.
789 2669 952 2741 spectato,
968 2671 1006 2717 ut
1019 2677 1176 2720 sensuum

126 2752 188 2826 inde
208 2767 293 2828 fraus
319 2780 352 2827 et
379 2772 537 2841 ἀκαταληψίαν
562 2759 742 2823 doceretur.
770 2758 904 2845 Reliqua
932 2760 1075 2839 ejusdem
1103 2762 1177 2825 libri

125 2855 195 2950 ¹oca,
211 2894 282 2958 quae
305 2892 398 2933 casus
413 2868 566 2948 servavit,
584 2867 650 2929 fere
666 2865 706 2928 ad
723 2863 850 2928 easdem
868 2887 1024 2928 sensuum
1040 2866 1176 2930 fallacias

124 2974 288 3052 probandas
302 2975 504 3054 reseruntur,
520 2994 584 3058 qua
597 2971 631 3032 in
643 2993 677 3033 re
691 2967 837 3033 docenda
850 2969 1024 3032 Arcesilam
1038 2971 1176 3034 maximo

124 3068 265 3146 laborasse
285 3095 421 3144 constat.
445 3080 514 3158 Sic,
536 3101 577 3139 ne
600 3077 664 3173 hoc
690 3076 838 3164 pluribus
860 3097 1107 3162 persequamur,
1124 3080 1176 3142 via

124 3199 195 3250 certe
208 3188 291 3251 facili
309 3187 463 3249 binorum
477 3184 597 3246 horum
613 3182 792 3262 librorum,
808 3181 906 3245 altera
924 3179 1067 3245 editione
1082 3182 1174 3247 addi·

124 3298 231 3373 tomm,
250 3316 348 3356 causa
372 3307 404 3354 et
425 3290 507 3353 ratio
527 3289 714 3369 conjicitur3
741 3311 812 3374 qnae
837 3287 896 3349 alia
921 3287 973 3350 vix
997 3310 1034 3349 ac
1059 3312 1100 3352 ne
1122 3289 1174 3352 vix

126 3396 235 3477 quidem
252 3398 479 3486 explicabitur,
496 3396 683 3474 conjectura
703 3394 737 3456 in
758 3393 880 3479 reliqua
897 3394 1006 3456 omnia
1026 3409 1172 3481 vagante.

126 3492 182 3562 lloc
202 3504 285 3566 enim
314 3500 414 3565 modo
443 3515 559 3563 cuncta
590 3499 753 3587 aptissime
781 3513 911 3561 coeunt.
946 3497 1058 3578 Quum
1085 3498 1172 3558 enim

128 3598 233 3689 Cicero,
257 3607 351 3672 editis
368 3605 532 3694 prioribus
546 3602 765 3684 Academicis,
786 3602 1008 3681 intellexisset,
1029 3600 1063 3662 id
1082 3598 1171 3686 quod

131 3723 222 3796 'egum
244 3715 279 3776 in
303 3713 342 3776 iis
364 3713 485 3793 inerat,
503 3711 652 3774 Arcesilae
674 3709 799 3773 ratione
819 3709 989 3795 separatim
1010 3707 1172 3793 exposita,

135 3819 320 3900 nantolii,
344 3819 528 3904 rectiusque
550 3816 671 3904 cuique
694 3836 751 3878 sua
777 3814 876 3877 tribui
897 3834 1010 3900 posse,
1035 3827 1173 3901 tumque

137 3920 218 3983 omnia
228 3923 261 3986 in
272 3939 399 3986 certum
413 3944 508 3984 suum
522 3919 635 3984 orbem
647 3918 753 4006 aptius
766 3917 891 3981 redire:
906 3916 1002 4004 coepit
1014 3939 1051 3981 ea
1062 3917 1171 3983 statim
1197 3947 1200 3955 ·

138 4016 318 4094 accaronem
339 4032 541 4114 Brutumque
562 4024 745 4091 transferre.
764 4020 876 4087 Paullo
895 4037 970 4109 post
987 4023 1112 4088 Atticus
1128 4023 1167 4090 ad

209 4138 233 4203 l.
256 4154 299 4199 cic.
311 4168 367 4216 pars
382 4152 453 4196 onia.
1038 4157 1058 4202 2
