2640 5214
218 782 260 829 ιο
431 759 492 832 ,ΙΝ
515 756 758 827 CICERONIS
780 756 1052 826 ACADEMICA

211 883 265 946 cui
290 880 435 967 inscripti
463 895 576 959 erant,
603 878 688 941 mitti
714 879 915 966 potuissent,
945 877 1045 942 Balbo
1073 892 1107 940 et
1135 876 1267 941 Caerelli'

212 980 467 1052 describendum
487 981 622 1047 dederit.
649 984 700 1047 Cf.
728 987 793 1048 Au.
821 985 921 1064 XIII,
946 1005 1019 1070 epp.
1045 1004 1082 1047 21
1110 999 1144 1046 et
1172 1005 1226 1048 aa.
1246 985 1275 1049 Si

212 1092 311 1181 igitur
321 1091 370 1154 vel
385 1087 465 1152 illud
479 1106 626 1177 negetur,
641 1090 706 1152 hoc
717 1105 823 1191 tamen
841 1089 874 1151 in
886 1089 936 1151 his
948 1089 1045 1151 etiam
1059 1088 1150 1153 libris
1160 1090 1277 1153 facturn

211 1216 281 1262 esse
304 1196 428 1261 facilius
452 1196 548 1258 etiam
572 1211 712 1259 statuero
733 1195 861 1276 licebit,
880 1217 983 1282 quum
1001 1195 1036 1257 in
1054 1194 1093 1258 iis
1114 1195 1279 1260 Atticene

211 1322 307 1367 causa
318 1303 388 1366 talis
400 1301 533 1388 quidem
543 1317 644 1383 esset,
658 1302 835 1388 quominus
846 1299 880 1364 id
891 1298 1095 1365 concederet.
1105 1300 1280 1389 Divulgatis

211 1424 319 1473 autem
326 1409 393 1489 jam
403 1406 650 1495 exemplaribus,
662 1407 749 1470 nulla
762 1408 852 1488 huic,
863 1407 915 1471 vel
927 1406 1117 1495 religiosiori
1126 1454 1135 1486 ,
1144 1407 1281 1495 amplius

212 1515 292 1578 ratio
309 1528 392 1591 erat,
408 1536 478 1593 cur,
497 1534 570 1600 quaa
588 1512 750 1601 descripta
766 1512 916 1593 baberet,
933 1534 970 1575 ea
989 1514 1107 1588 frustra
1125 1512 1281 1600 descripta

212 1643 281 1684 esse
299 1621 415 1684 velletr
435 1620 462 1683 si
480 1620 531 1683 vel
547 1620 611 1682 hoc
629 1620 834 1699 omittamus,
857 1616 947 1705 quod
970 1619 1136 1706 sttppressi
1153 1617 1226 1681 libri
1245 1642 1283 1683 eo

211 1726 362 1814 cupidius
385 1745 578 1813 quaeruntur
600 1724 662 1812 (ut
685 1723 772 1812 apud
796 1746 857 1787 nos
880 1723 914 1787 in
938 1722 1068 1811 publice
1093 1724 1200 1788 vetitis
1223 1746 1282 1788 usu

211 1831 322 1895 venire
329 1830 580 1918 solet):Atticus
588 1844 696 1893 autem
705 1828 1117 1916 utdilt'genspatarfamilt'as
1124 1827 1282 1893 laudatur.

209 1972 256 1987 -
266 1938 307 1999 At
322 1937 531 2000 incommoda
549 1936 698 1999 Ciceroni
712 1935 787 1999 indc
802 1934 918 1999 exorIri
934 1951 1092 2022 poterant.
1111 1966 1156 1984 *-
1172 1934 1285 1999 Primo

212 2043 381 2129 quaenam?
393 2040 529 2123 deinde,
543 2040 645 2128 quid?
658 2042 700 2120 si,
710 2058 885 2130 antequam
899 2041 968 2104 hauc
979 2038 1105 2104 edenda
1114 2041 1283 2124 voluisset,

212 2148 264 2211 illa
282 2151 347 2230 jam
368 2148 452 2211 edita
478 2146 638 2211 fuissent?
659 2147 781 2212 -Sed
802 2149 981 2236 posteriora
1000 2145 1192 2210 Academica
1216 2170 1284 2211 uon

207 2260 305 2317 'erant
320 2252 402 2316 adeo
420 2252 528 2341 magni
544 2253 728 2316 voluminis.
747 2290 790 2301 -
805 2252 936 2333 Majoris
954 2267 1039 2315 certe
1056 2267 1164 2331 erant,
1185 2271 1284 2338 quarn

212 2374 257 2422 ut·
274 2359 393 2447 singuli
419 2358 491 2421 libri
517 2375 582 2421 tam
608 2380 709 2445 pauca
732 2359 836 2446 capita
855 2357 1161 2446 complecterentur,
1184 2378 1284 2444 quant

211 2486 313 2551 panca
330 2464 434 2527 tribus
448 2464 517 2526 istis
530 2482 569 2527 ex
584 2463 722 2528 dissecto
732 2464 869 2528 Lucullo
881 2463 1121 2549 relinquuntur.
1141 2462 1286 2550 Urgetur

213 2568 332 2634 deinde
348 2571 502 2658 temporis
513 2570 669 2654 brevitas,
684 2587 820 2634 atcerte
832 2592 933 2657 pauca
948 2585 1069 2631 munta
1082 2588 1151 2631 esse
1163 2567 1283 2632 videas.

212 2676 254 2739 Et
270 2675 385 2739 demus
397 2698 492 2756 sane,
509 2674 599 2762 quod
617 2678 698 2738 torte
713 2697 780 2737 non
797 2674 1012 2752 debebamus,
1025 2693 1143 2759 paucas
1159 2672 1286 2736 hebdo-

213 2780 341 2861 madas,
365 2782 415 2844 vel
438 2779 519 2841 adeo
542 2778 628 2857 dies,
651 2779 818 2858 Ciceroni,
840 2779 908 2841 otio
931 2776 1126 2853 abundanti,
1150 2777 1191 2841 ad
1214 2778 1285 2842 luec

213 2883 399 2971 refingenda
410 2903 478 2944 esse
490 2882 695 2969 absumptas:
710 2881 917 2945 transtulerat
928 2882 981 2946 hic
989 2883 1054 2962 jam
1067 2882 1157 2969 prius
1168 2883 1283 2947 eadem

211 2988 323 3050 illaad
336 2986 484 3050 Catonem
498 2987 690 3076 Brutumque
702 2988 762 3076 (cf.
775 3010 825 3076 ep.
842 2989 916 3072 16):
932 2978 1003 3076 quae
1015 2989 1115 3077 igitur
1126 2988 1284 3054 mutanda

211 3091 375 3173 voluerat,
398 3093 526 3179 potiora
548 3108 671 3157 mutata
696 3095 741 3157 sic
764 3092 891 3157 dudunt
913 3109 945 3157 et
966 3114 1035 3158 ease
1059 3111 1226 3182 poterant,
1251 3113 1285 3160 et

212 3198 301 3262 haud
331 3198 429 3261 dubie
458 3216 567 3281 erant,
597 3215 634 3262 ut
660 3198 778 3263 deinde
808 3198 1000 3264 videbimus.
1032 3201 1141 3282 Quam
1170 3218 1284 3266 coacte

211 3302 370 3394 denique,
394 3305 420 3368 si
443 3305 493 3368 vel
513 3305 713 3393 Chapmanni
739 3306 929 3369 auctoritato
952 3304 1023 3387 fiat,
1046 3306 1139 3369 locus
1157 3302 1211 3370 ille
1229 3328 1283 3394 ep.

213 3409 253 3473 32
273 3410 460 3499 explicetur,
477 3431 544 3474 non
563 3426 629 3493 est,
648 3427 684 3476 ut
700 3410 884 3476 doceamus.
902 3411 954 3475 Sic
972 3412 1053 3475 mire
1070 3412 1282 3501 loquentem,

211 3515 258 3579 sic
267 3516 430 3595 jocantem
447 3517 634 3581 Ciceronem
647 3540 808 3605 nusquam
822 3516 1106 3605 deprehendimus.
1123 3516 1186 3582 Sed
1201 3519 1283 3606 quid

212 3637 278 3700 est,
298 3620 387 3708 quod
404 3620 444 3684 de
461 3645 571 3686 errore
589 3623 663 3686 viris
680 3621 802 3705 doctis,
821 3646 839 3687 a
858 3623 1059 3705 Quintiliano
1078 3622 1170 3706 inde,
1188 3646 1283 3688 com·

211 3728 322 3808 muni,
345 3744 377 3791 et
395 3749 434 3790 eo
458 3729 679 3816 potissimum,
703 3728 791 3793 unde
814 3729 920 3793 omnis
943 3727 984 3793 de
1008 3728 1142 3801 Lucullo
1163 3729 1196 3792 in
1215 3746 1284 3794 tres

210 3833 310 3898 libros
324 3834 485 3922 posterius
501 3836 655 3899 translato
668 3835 875 3923 probabilitas
889 3833 1042 3923 pendeat,
1052 3833 1286 3922 praetereundo

211 3954 358 4017 tantum,
382 3954 415 4003 et
434 3940 534 4003 veluti
551 3939 638 4004 aliud
656 3938 783 4029 agendo
802 3941 996 4005 monemur?
1020 3939 1149 4003 Catulus
1169 3941 1284 4029 igitur,

208 4049 357 4135 priorum
376 4042 497 4111 Acadd.
517 4048 605 4135 prior
629 4046 710 4111 liber
731 4046 839 4111 nullus
865 4070 1020 4134 umquam
1044 4045 1184 4110 exstitit?
1208 4049 1285 4112 Hoc

212 4169 249 4217 ut
267 4153 364 4218 iidem
382 4170 523 4242 pareret,
548 4154 697 4243 gravibus
715 4154 913 4242 argumentis
932 4153 1106 4242 indigebat.
1130 4154 1172 4216 At
1191 4154 1285 4218 nulla

211 4258 411 4342 afferuntur3
442 4260 509 4324 sola
539 4259 602 4323 loci
630 4260 832 4323 Ciceroniani
861 4260 1144 4349 interpretatione,
1176 4280 1286 4346 eaque

211 4384 366 4451 perquam
382 4383 508 4446 coacta,
525 4366 681 4430 sententia
701 4365 824 4429 nititur.
840 4367 889 4431 Ne
905 4365 969 4429 hoc
985 4365 1117 4454 quidem
1131 4381 1284 4452 urgetur,

212 4469 301 4557 quod
320 4473 466 4558 nuspiam
486 4474 582 4555 hujus
598 4473 672 4536 libri
690 4470 777 4560 apud
794 4487 940 4537 veterum
957 4494 1155 4560 quemquam
1170 4493 1285 4558 neque
