2678 4800
211 362 253 434 16
447 362 496 431 IN
517 361 760 432 CICERONIS
782 363 1054 445 ACADEMICA

206 506 345 550 numero
375 482 563 547 mutationis
592 483 672 571 poni
704 505 800 571 posse
827 483 965 551 videtur.
999 489 1202 578 Exposuerat
1232 497 1281 562 sic

205 592 339 680 quidem
372 589 406 652 in
440 579 604 677 prioribus
639 589 838 653 Academicis
870 593 1055 681 principum
1089 601 1280 667 recentioris

203 695 385 764 Academias
404 694 597 776 sententies3
619 693 677 758 sed
697 695 850 760 omiserat
872 719 966 779 eum,
988 701 1046 787 qui
1067 724 1141 768 vere
1161 724 1280 774 auctor

202 820 236 869 et
244 823 360 892 parens
370 800 467 880 hujus
478 798 656 863 Academia
666 799 730 864 dici
739 801 916 890 haberique
926 823 1079 889 meretur,
1088 810 1278 893 Arcesilam,

200 910 236 974 in
255 907 347 986 cujus
365 905 523 970 sententia
540 906 695 999 pleraque
713 908 841 988 omnia,
865 930 937 995 quae
956 908 1074 976 deinde
1094 916 1277 985 Carneades

201 1029 234 1078 et
247 1013 340 1077 Philo
354 1011 486 1074 uberius
499 1024 531 1072 et
545 1010 738 1073 concinnius
750 1008 975 1099 disputabant,
987 1036 1095 1104 neque
1105 1034 1274 1109 tamquam

199 1120 233 1183 in
252 1141 336 1199 ovo,
361 1115 417 1180 scd
440 1115 515 1179 satis
540 1115 713 1203 explicate,
739 1131 772 1179 et
796 1138 865 1179 non
889 1117 960 1182 sine
980 1141 1099 1210 magno
1122 1128 1275 1193 acumine

197 1222 381 1313 proposita,
404 1219 665 1318 continebantur,
687 1219 789 1302 Quod
809 1220 916 1308 ipsum
937 1223 1033 1289 latius
1054 1224 1171 1292 docere
1188 1253 1274 1321 opus

197 1329 280 1393 nihil
293 1343 358 1409 est,
373 1348 476 1419 quum
488 1322 575 1388 id'em
589 1347 628 1387 ex
643 1325 755 1412 quavis
769 1324 987 1414 Philosophiae
999 1330 1148 1414 historia,
1161 1337 1272 1423 paullo

186 1434 377 1501 'accuratius
404 1432 542 1519 scripta,
570 1431 691 1494 horum
721 1431 865 1495 virorum
896 1445 1088 1516 φιλοσοφώμινα
1112 1437 1272 1508 intentius

196 1531 404 1629 comparante
424 1538 515 1602 facile
537 1551 673 1623 pateat:
697 1536 772 1599 satis
794 1536 895 1624 igitur
916 1538 1028 1603 fecisse
1051 1558 1220 1631 putamus,
1243 1549 1272 1612 ai

194 1646 419 1714 Tennemanni
439 1642 549 1707 Geseh.
569 1643 601 1707 d.
621 1642 739 1706 Philas.
758 1659 838 1708 tom.
857 1645 902 1708 IV
919 1648 1269 1721 commendaverimus.

194 1756 244 1819 Ex
267 1777 307 1818 eo
329 1753 444 1840 igitur,
467 1749 558 1838 quod
579 1750 631 1813 illa
655 1749 804 1814 Arcesilae
827 1753 988 1817 sententia
1010 1777 1079 1819 non
1096 1761 1269 1845 separatim

192 1875 324 1924 tractata
343 1873 443 1937 esset,
464 1871 679 1944 preterquam
703 1855 794 1942 quod
816 1873 908 1921 tanto
929 1858 1001 1922 viro
1022 1860 1269 1948 quodammodo

192 1965 307 2047 injuria
330 1963 444 2036 fiebat,
463 1984 581 2050 vagum
599 1962 696 2025 etiam
715 1960 872 2050 quiddam
888 1979 957 2028 tota
975 1988 1084 2031 rerum
1102 1973 1268 2055 metatio,

191 2071 342 2135 subtilius
382 2069 451 2131 haec
488 2067 676 2147 aestimanti,
713 2089 781 2130 non
819 2084 967 2155 poterat,
1001 2071 1080 2157 quin
1111 2076 1265 2145 traheret.

191 2178 257 2241 Tot
277 2191 369 2240 erant
386 2189 418 2238 et
432 2172 564 2261 placita,
588 2189 621 2236 et
639 2172 803 2260 exempla,
823 2173 858 2235 in
875 2174 987 2261 primis
1007 2177 1042 2240 in
1065 2176 1133 2258 ejus
1151 2198 1267 2248 contra

190 2307 346 2349 sensuum
364 2281 462 2346 fidem
480 2280 669 2368 disputatis,
691 2302 765 2366 quae
781 2280 961 2346 Carneades
982 2299 1014 2347 et
1032 2284 1126 2350 Philo
1142 2287 1183 2352 ab
1200 2289 1266 2356 hoc

69 2430 82 2447 t
188 2409 320 2479 accepta
344 2389 530 2467 habebant,
558 2387 662 2474 iisque
691 2386 742 2449 vel
768 2385 957 2475 simpliciter
987 2390 1183 2477 utebantur,
1214 2397 1265 2461 rel

188 2495 334 2583 paullum
351 2490 547 2572 immutatis,
569 2513 710 2578 quorum
731 2493 822 2574 sons,
841 2492 931 2556 unde
949 2492 1044 2559 ducta
1064 2514 1188 2580 essent,
1205 2518 1264 2566 aut

189 2601 287 2663 latere
306 2599 352 2662 sic
372 2595 528 2677 debebat,
548 2612 605 2659 aut
627 2619 711 2684 saepe
732 2596 823 2684 quasi
846 2620 864 2661 e
887 2598 1069 2689 longinquo
1091 2625 1263 2669 common·

188 2702 339 2769 strandus
361 2717 440 2766 erat.
468 2699 553 2764 lllud
576 2723 673 2783 sane,
698 2723 737 2764 ex
761 2701 830 2789 ipsa
855 2703 901 2766 rei
926 2721 1040 2768 natura
1057 2707 1260 2796 judicatum,

187 2810 377 2896 nescioquo
394 2807 493 2871 modo
511 2830 544 2871 se
562 2806 673 2888 nobis,
693 2808 963 2897 quotiescumque
981 2812 1154 2878 Lucullum
1170 2814 1260 2905 lege·

185 2918 317 2997 bamus,
340 2931 507 3003 tamquam
530 2913 755 3001 reprobatum
777 2914 913 2998 obtulit;
931 2914 1031 3003 idque
1052 2935 1128 2995 tum,
1141 2921 1257 3005 etiam,

185 3046 289 3111 quum
313 3044 352 3086 ex
379 3022 450 3085 solo
474 3019 582 3084 adhuc
605 3043 703 3084 sensu
722 3020 881 3100 judicium
905 3038 1055 3086 nostrum
1080 3043 1259 3115 regeretur.

185 3129 301 3215 Neque
323 3127 416 3190 l'acile
436 3126 554 3191 certius
574 3124 655 3214 quid
678 3148 713 3189 ea
738 3125 778 3190 de
799 3149 834 3190 re
855 3142 996 3193 statuere
1017 3129 1126 3208 liceat,
1151 3142 1258 3220 'quum

184 3233 325 3314 nescias,
341 3253 439 3319 quam
450 3231 512 3294 hac
521 3252 560 3292 ex
568 3245 658 3317 parte
667 3245 781 3293 auctor
794 3230 828 3292 in
842 3230 956 3295 Catulo
969 3233 1127 3298 rationem
1138 3236 1257 3305 inierit.

183 3341 274 3420 Huc,
292 3353 330 3400 ut
353 3337 412 3399 alia
431 3336 666 3417 transmittam,
686 3333 719 3397 id
740 3351 826 3400 certe
847 3336 1008 3423 pertinet,
1029 3339 1121 3426 quod
1142 3359 1260 3410 auctor

181 3445 305 3510 Lucull.
330 3441 388 3522 25,
410 3464 469 3528 79,
488 3442 557 3528 ipse
581 3442 715 3522 fatetur,
737 3441 849 3523 «heri,
868 3464 936 3505 non
960 3446 1139 3510 necessario
1162 3447 1257 3534 loco,

181 3568 294 3616 contra
314 3570 427 3612 sensus
450 3563 516 3610 tarn
538 3546 639 3610 multa
662 3569 696 3610 se
720 3545 870 3611 dixisse».
892 3547 931 3612 Id
953 3538 1062 3613 autem
1083 3552 1196 3640 inique
1219 3578 1257 3620 se

181 3655 345 3737 obtrudit,
363 3652 454 3742 quod
472 3653 567 3717 toties
586 3653 621 3716 iu
638 3653 775 3717 Lucullo
796 3654 941 3717 Arcesilae
959 3657 1081 3720 mentio
1099 3657 1257 3745 injicitur,

179 3764 306 3851 quoties
322 3761 375 3823 vix
388 3760 510 3824 factum
528 3775 628 3841 esset,
646 3759 672 3822 si
689 3757 786 3837 hujus
800 3758 1012 3848 philosophiae
1029 3764 1112 3827 ratio
1126 3787 1258 3853 sepera-

178 3870 237 3934 tim
264 3869 405 3955 exposita
430 3882 523 3931 esset.
552 3864 592 3929 Id
626 3864 760 3953 quidem
791 3867 981 3930 Ciceronem
1011 3869 1043 3931 in
1071 3872 1256 3957 posteriore

177 3973 319 4038 editione
337 3974 465 4056 fecisse,
486 3987 557 4035 tum
581 3994 620 4035 ex
645 3971 715 4051 his,
739 3993 811 4058 quae
835 3970 991 4055 diximus,
1019 3991 1089 4038 tum
1116 3999 1154 4039 ex
1179 3977 1255 4043 aliis

179 4077 372 4168 quibusdam
401 4077 598 4167 argumentis
619 4075 745 4157 'conjici
772 4099 866 4166 posse
895 4096 1059 4166 pommus.
1096 4081 1254 4164 Quorum
