2640 5214
498 404 776 474 rnnrnrro.
1142 411 1176 502 xj

142 541 202 598 vett
218 543 251 599 et
269 527 373 599 novis
389 523 576 599 laudandis
591 526 637 599 ad
659 528 810 624 interpr.
827 531 1022 599 Ciceronis.
1042 535 1178 600 Rerum

79 658 80 662 ’
141 640 353 714 illustrationis
378 640 639 739 philosophica·
660 642 798 713 nullam
823 665 946 714 curam
970 642 1119 731 habuit;
1143 659 1180 716 et

140 757 257 829 molesta
267 770 321 826 est
334 758 513 854 separatio
528 757 777 828 commentarii
784 756 943 829 Turnebi
955 772 992 829 et
998 756 1182 854 Fabri(1);

140 872 243 968 quippe
260 892 419 967 quorum
436 885 531 942 notre
546 873 584 942 in
600 870 674 944 fine
688 886 809 946 textus
826 896 865 943 se
882 874 1089 972 excipiunt,
1102 874 1181 945 lon·

140 986 226 1080 giores
236 1008 347 1082 quam
358 1010 439 1081 quae
447 988 562 1057 textui
571 987 887 1086 integraesupponi
895 989 1109 1086 potuissent.
1125 991 1182 1059 Ne

139 1102 308 1196 argumenti
326 1099 474 1196 quidem
493 1099 641 1171 brevem
661 1116 898 1199 conspectum
919 1105 1089 1199 praemisit
1106 1106 1180 1173 Da-

139 1214 226 1286 visius.
236 1219 356 1306 Quam
371 1216 408 1284 in
422 1239 499 1286 rem
512 1217 678 1287 universe
688 1216 734 1287 de
744 1219 870 1313 quavis
880 1216 1088 1315 philosophi
1097 1240 1180 1316 pra·

138 1331 256 1422 gnatica
275 1331 575 1426 interpretatione
595 1329 962 1403 monetttedemann.
984 1335 1102 1428 (Geirt
1116 1333 1184 1402 der

136 1444 239 1538 spelul.
259 1444 399 1515 Plu'los.
415 1444 482 1514 Tb.
502 1451 534 1532 I,
550 1444 733 1543 Marburg.
759 1471 862 1544 1791,
888 1447 968 1518 iri-8
990 1447 1075 1540 maj.
1103 1448 1180 1516 init.

136 1557 241 1653 prael.):
269 1559 457 1628 «Primum
475 1583 549 1629 non
570 1557 703 1630 suflicit
721 1561 879 1657 propriis
895 1560 1073 1656 cujusque
1095 1559 1176 1656 phi·

137 1670 280 1770 dosopht
297 1672 417 1745 verbis
431 1675 500 1759 uti,
513 1674 551 1743 in
565 1673 838 1746 conscribendis
855 1675 1043 1745 sententiis
1061 1675 1180 1770 cujus·

136 1784 248 1872 «thet,
266 1792 352 1884 quia
369 1786 494 1857 eadem
515 1788 629 1859 verbo
648 1790 684 1858 in
704 1788 853 1860 diversis
874 1788 1105 1872 auctoribus,
1125 1789 1181 1858 di-

137 1924 274 1972 rversum
296 1917 416 1972 tamen
434 1901 574 1972 liabent
595 1927 738 1973 sensum
756 1930 768 1971 .·
788 1897 928 1973 summa
949 1905 1071 2002 potius
1093 1926 1178 1974 cura

136 2011 403 2112 «investigandus
415 2027 469 2084 est
480 2012 637 2083 ambitus
651 2019 876 2110 argumenti,
891 2018 1176 2112 notionumque;

135 2140 183 2194 «et
202 2129 298 2224 quasi
327 2150 464 2198 novum
495 2124 770 2196 vocabularium
791 2127 1082 2226 philosophicum
1110 2126 1177 2198 tibi

136 2242 325 2336 «cujuslibet
334 2266 531 2339 componas
545 2266 692 2312 necesse
702 2256 766 2312 est.
776 2271 792 2305 »
801 2241 892 2312 Coll.
903 2245 1004 2339 epist.
1015 2247 1178 2338 Wytten·

135 2350 227 2426 bachii
240 2358 315 2429 Cel.
327 2357 372 2426 ad
384 2383 460 2427 uun
478 2355 625 2426 Heusde
639 2379 735 2452 spec.
752 2344 908 2438 Platon(
912 2357 960 2448 a),
970 2382 1003 2452 p.
1012 2360 1178 2426 XXXIV:

135 2473 268 2567 «Atque,
293 2470 472 2569 siquidem
497 2473 544 2539 ita
570 2484 698 2540 natura
723 2486 971 2567 comparatum
996 2485 1069 2557 est,
1092 2485 1133 2542 ut
1152 2498 1178 2542 a
1276 2570 1279 2575 ¹

133 2588 250 2657 «uerbis
263 2587 317 2657 ad
328 2612 382 2657 res
401 2583 665 2683 proficiendum
684 2587 746 2671 sit,
765 2588 922 2682 primum
941 2586 1091 2657 dictioni
1104 2601 1179 2657 stu-

134 2697 321 2772 tdebimus:
334 2698 635 2771 consuetudinem
650 2701 967 2796 scriptoris‚quum
979 2704 1017 2770 in
1030 2701 1180 2797 singulis

87 2866 94 2878 .
131 2814 274 2903 «verbis,
296 2831 375 2886 tum
404 2817 440 2885 in
465 2818 756 2900 constructione,
784 2818 985 2911 ceterisque
1015 2815 1180 2912 partibus

130 2933 324 3015 «orationis,
344 2929 490 3023 figuris,
505 2929 708 3013 sententiis,
728 2929 924 3026 exemplis,
943 2934 1179 3026 comparatio·

128 3042 243 3117 cuibus
264 3043 493 3131 notabimus,
515 3040 696 3114 indicibus
720 3043 1030 3141 consignabimus,
1049 3060 1089 3115 nt
1114 3070 1178 3143 pa-

126 3175 254 3230 «ratum
272 3159 470 3232 habeamus
489 3159 663 3245 Leucon,
686 3159 788 3252 cujus
807 3184 878 3256 ope
896 3164 1103 3256 scriptorem
1122 3186 1176 3230 se·
1267 3212 1270 3218 -

125 3300 218 3345 «cum
243 3283 361 3374 rpuum
389 3277 691 3366 conferentem!
714 3299 763 3344 ex
787 3282 864 3370 ipso
889 3280 1178 3369 interpretemur,·

124 3413 219 3484 «qum
235 3395 350 3487 prima
369 3405 405 3461 et
420 3388 613 3459 certissima
633 3390 751 3458 omnis
769 3389 1011 3485 intelligentiae
1029 3405 1082 3459 est
1100 3391 1173 3473 via,

124 3506 293 3575 «ettotius
306 3503 543 3600 grammaticae
551 3502 858 3599 interpretationis
867 3501 1178 3572 fundamentum.»

121 3609 283 3710 Nimirum
301 3625 456 3706 utraque
483 3615 593 3699 ratio,
621 3610 849 3708 grammatica
869 3623 904 3679 et
925 3607 1030 3678 realis
1053 3626 1080 3670 s.
1096 3638 1177 3701 πρα-

120 3723 257 3808 ῃιατικὴ,
276 3716 531 3811 conjungenda
551 3732 613 3789 est.

148 3867 181 3929 (r)
199 3863 302 3916 Horum
319 3864 400 3916 Obss.
418 3865 528 3919 selectas
541 3885 592 3918 auo
611 3865 671 3917 loco
684 3861 868 3922 reddidimus,
890 3861 952 3932 quia
967 3859 1121 3916 videbamus
1132 3883 1174 3916 re·

121 3951 237 4004 certiores
247 3970 291 4004 eas
304 3962 404 4004 temere
416 3953 563 4025 negligere,
582 3965 625 4015 et,
644 3954 699 4005 sive
711 3951 860 4021 arrogantia
878 3967 939 4008 sua,
951 3948 1007 4001 sive
1019 3950 1177 4023 negligentia
1231 3968 1232 3972 ’

121 4052 164 4088 uon
177 4058 225 4110 pro
240 4039 335 4092 merito
347 4038 373 4091 in
390 4058 465 4092 usum
478 4059 582 4093 vocare.

148 4130 183 4193 (a)
200 4127 285 4198 Lngd.
299 4128 391 4182 Batai.
409 4129 491 4192 1803,
512 4130 569 4181 in·8
584 4129 646 4198 maj.
663 4125 709 4197 qui
729 4125 834 4178 libellus
854 4123 882 4176 iu
902 4126 1041 4198 superficie
1062 4127 1177 4182 Platonis

121 4207 222 4276 bereum
245 4216 327 4287 ipsius
343 4214 460 4269 doctoris
476 4216 570 4271 fefellit
587 4213 790 4285 indulgentiam.
806 4212 913 4267 Altiocie
927 4224 964 4266 cst
978 4214 1111 4287 indaginis
1127 4215 1176 4270 du·

123 4301 194 4357 ctrina
204 4305 321 4359 Platonis
335 4305 531 4379 philosophica.
