2640 5214
213 387 618 457 INTRODUCTlO.·-P.
634 389 736 457 VAL.
759 389 1042 461 ACADEMICA.
1116 394 1162 464 23
1206 434 1209 445 ·

129 510 264 591 obveniat,
286 531 324 572 ae
342 509 535 597 plerumque
553 508 811 573 dominationem
833 510 999 593 comitari,
1023 528 1056 576 et
1076 514 1164 601 apual

132 613 182 679 illos
197 636 285 702 penes
303 637 386 703 quos
408 636 515 678 rerum
535 615 710 703 imperium
727 616 769 679 sit
783 636 895 703 agere,
918 636 1040 704 eosque
1059 619 1164 682 colere

126 720 206 783 'soleat
225 718 349 807 (quum
365 735 397 784 et
414 721 518 784 ventri
536 736 568 784 et
588 719 758 784 ambitioni
779 720 844 783 hoc
860 720 1041 809 sapientum
1061 744 1164 812 genus

136 824 254 911 inprimis
268 824 427 906 attendat,
443 826 624 913 privatique
637 822 802 889 commodi
814 826 993 890 rationibus
1008 831 1162 892 ducatur:

136 928 189 992 inde
198 930 272 993 enim
284 946 333 994 est
344 946 381 994 ut
394 946 426 996 et
438 929 608 995 mendaces
620 931 787 1018 prophete
799 946 832 993 et
845 930 993 1018 gentium
1005 933 1163 1020 sapientes

138 1035 199 1098 anns
206 1037 413 1124 frequentare,
424 1053 457 1101 et
466 1037 551 1101 circa
562 1035 674 1101 divites
686 1058 843 1126 regesque
853 1038 974 1101 versari
983 1038 1163 1126 gaudeant3

139 1138 239 1204 undeet
248 1158 279 1206 et
291 1163 475 1206 muscarum
490 1143 636 1206 examina
649 1140 787 1205 divitum
801 1142 925 1205 culinas
940 1143 1144 1231 compleant)
1156 1167 1163 1207 :

138 1243 222 1309 Grecis
240 1246 282 1333 (a)
306 1270 378 1312 sero
404 1248 532 1333 tandem
556 1247 711 1334 sapientia
737 1268 813 1309 cum
836 1246 989 1333 irnperio,
1012 1270 1107 1334 pace,
1131 1265 1165 1312 et

135 1350 183 1411 otio
197 1353 236 1414 uti
258 1353 402 1442 contigit.
427 1355 492 1436 Qui
518 1354 605 1417 enim
632 1353 672 1434 ii,
695 1353 753 1439 qui
775 1351 826 1415 vel
847 1353 894 1415 rei
919 1352 1092 1441 augendae,
1114 1354 1164 1416 vel

133 1456 241 1540 parando
260 1459 377 1541 victui,
403 1460 452 1523 rel
473 1460 616 1523 hostium
643 1458 771 1539 injuriae
798 1457 1025 1545 propulsandae
1047 1460 1164 1521 intenti

132 1579 182 1624 esse
193 1584 264 1649 opus
276 1564 432 1645 habeant,
449 1565 610 1654 sapientiae
622 1565 746 1651 otiique
761 1564 885 1626 artibus
900 1584 1031 1649 opernm
1050 1561 1149 1627 dent?

165 1686 185 1728 a.
200 1666 290 1731 Primi
310 1691 385 1758 ergo
403 1669 487 1733 inter
505 1669 633 1733 Graecos
649 1668 917 1756 superstitionum
940 1668 1084 1756 magistri
1101 1669 1163 1750 illi,

131 1769 241 1862 theologi
257 1776 297 1837 ab
313 1776 388 1863 ipsis
406 1775 499 1853 dicti,
518 1793 705 1864 poetaeque,
728 1776 785 1863 qui
802 1774 941 1838 deorum
961 1776 1162 1863 genealogias

130 1872 323 1961 decantarunt,
340 1882 549 1969 mysteriaque
565 1900 597 1945 et
611 1882 786 1945 numinum
801 1880 926 1944 cultum
941 1879 1161 1962 tradiderunt,

130 1983 260 2067 sapientiae
290 1990 419 2052 nomine
447 1989 667 2068 celebrantur3
697 2010 800 2074 quum
829 1989 864 2050 hi
896 1989 931 2049 in
962 1975 1050 2051 nulla
1078 2011 1161 2052 verae

128 2086 259 2172 sapientiae
272 2108 361 2178 parte
375 2114 502 2181 operam
515 2095 662 2182 posuisse
678 2095 743 2156 sint
759 2091 904 2172 dicendi,
920 2093 1027 2157 fucate
1040 2116 1117 2156 vero
1130 2111 1162 2158 et

128 2204 267 2272 personate
278 2197 378 2273 illam,
392 2222 462 2286 quae
476 2200 611 2263 Politice
624 2197 754 2279 dicitur,
768 2199 907 2260 coluisse
919 2197 1113 2283 videantur(
1137 2199 1161 2283 ).

128 2292 191 2359 llam
203 2299 354 2387 religionis
371 2307 553 2392 procuratio
574 2321 671 2393 atque
693 2303 902 2380 constitutio,
924 2301 1022 2364 civilis
1040 2303 1159 2388 gnber-

126 2401 237 2467 nationis
259 2407 361 2493 prima
384 2413 606 2499 praecipuaque
632 2432 705 2497 pars
734 2408 883 2471 habetur.
921 2407 999 2469 Post
1029 2405 1106 2486 hos,
1137 2408 1158 2469 ii

125 2504 300 2591 prodierunt,
313 2515 377 2599 qui,
387 2516 472 2601 quod
483 2533 605 2579 natira-ae
615 2536 723 2579 rerum
734 2511 1000 2599 contemplationi
1012 2511 1159 2599 impense

125 2628 265 2679 vacarunt:
279 2616 410 2702 Physica,
424 2622 457 2685 id
471 2639 533 2702 est,
545 2622 721 2698 naturales,
738 2633 980 2705 nuncupantur.
996 2619 1085 2680 Inter
1097 2617 1158 2680 hos

124 2712 246 2800 illustris,
261 2722 316 2785 sed
328 2726 458 2790 Socratis
471 2730 653 2819 magisterio
667 2728 831 2806 illustrior,
847 2728 1063 2812 Anaxagoras,
1076 2723 1159 2811 phy·

124 2816 240 2886 sicarum
262 2827 401 2895 ultimus.
426 2833 507 2897 Nam
535 2851 608 2922 post
633 2835 796 2897 Socratem
822 2833 882 2894 alia
906 2828 1158 2918 philosophandi

124 2923 191 2986 ratio
206 2926 283 2994 luit:
300 2957 398 3020 quum
415 2940 498 3001 enim
516 2939 786 3027 philosophorum
804 2934 905 3013 major
921 2956 994 3022 pars
1010 2934 1157 3020 philoso-

124 3026 214 3110 Phiam
223 3037 410 3127 omnemque
419 3043 459 3107 de
469 3046 621 3132 sapientia
636 3045 857 3108 tractationem
871 3042 904 3102 in
918 3056 982 3102 tres
993 3056 1098 3126 partes
1108 3039 1154 3126 (3)

124 3127 286 3222 distribuat,
300 3142 333 3206 ld
347 3163 407 3227 est,
424 3149 456 3211 ln
472 3159 503 3211 aie
514 3160 619 3230 Λογικὰ,
637 3160 670 3212 τὰ
684 3159 791 3215 Φυσικὰ,
807 3157 848 3211 καὶ
863 3156 897 3208 τὰ
908 3147 1002 3219 lilaea,
1018 3166 1155 3232 quarum

122 3242 211 3317 Prima
233 3243 269 3308 de
293 3270 436 3316 sermone
465 3258 652 3343 rationeque
677 3272 744 3336 est3
773 3254 929 3332 secureda,
956 3251 996 3315 de
1021 3267 1155 3329 natura;

123 3349 202 3406 tertio
222 3372 293 3413 vero
319 3353 359 3418 de
383 3361 540 3443 moribus,
566 3365 657 3442 cujus
686 3364 869 3426 membrum
897 3359 1029 3423 Politica
1057 3373 1154 3435 sunt3

123 3466 349 3539 quamquartam
358 3461 560 3553 philosophiae
575 3485 694 3556 partem
709 3467 924 3530 numerabant
936 3461 1154 3551 Peripatetici:

123 3547 224 3640 logica
243 3561 367 3646 quidem
393 3583 424 3630 et
443 3572 571 3655 Ethica,
598 3576 655 3662 qui
676 3576 839 3637 Socratem
862 3590 1069 3658 praecessere,
1094 3584 1155 3626 nec

123 3659 345 3731 nominetenus
366 3687 575 3743 tractaverunt
596 3704 603 3744 :
627 3683 728 3744 multa
747 3683 894 3767 ipsorum
917 3676 1001 3738 «licta
1025 3687 1058 3733 et
1079 3690 1156 3758 apo·

152 3833 186 3900 (1)
202 3839 254 3889 lid.
265 3844 375 3911 Thucyd.
389 3851 430 3900 lib.
444 3857 463 3900 1.

151 3920 183 3986 (a)
199 3927 314 3977 Plutarch.
328 3934 357 3981 tle
368 3940 455 3987 oracul.
466 3943 569 3995 delectu.

154 4008 187 4075 (3)
200 4015 337 4065 acconam
356 4023 513 4092 philosophiae
532 4022 677 4081 divisionem
695 4033 751 4080 vide
769 4030 835 4094 apud
855 4030 937 4076 Seuer.
956 4028 1029 4093 epist.
1047 4045 1157 4090 amm

120 4094 185 4144 lm·
197 4097 220 4145 ⁵¹¹
229 4101 336 4164 mm?
350 4108 465 4164 Plutarch.
477 4118 547 4167 initio
557 4120 601 4169 lib.
616 4124 628 4170 1
647 4123 677 4170 de
692 4120 788 4184 placitis
801 4116 946 4181 Philosoph.
959 4134 984 4182 p.
995 4119 1061 4180 874,
1080 4134 1101 4165 c.
