2678 4800
364 409 402 474 o.
429 384 666 479 vitumno
690 405 968 479 seruantes.
1155 409 1201 483 35

177 551 229 594 ro.
249 525 337 593 Illud
354 549 433 592 vero
451 525 540 614 quod
557 549 576 591 a
593 525 748 591 Cicerone
768 524 899 608 dicitur,
921 527 1112 612 Arcesilam,
1132 553 1199 596 non

131 633 304 724 pertinacia
323 649 380 696 aut
398 631 507 697 studio
523 631 674 697 vincendi
688 654 766 695 cum
782 634 922 696 Zenone'
933 648 1094 698 certamen
1109 635 1202 703 insti·

130 742 247 821 tuisse;
266 738 396 828 probri,
410 737 500 826 quod
516 737 664 803 Arcesilae
681 738 887 820 objiceretur,
902 736 1095 827 depulsandi
1107 764 1202 807 causa

130 845 252 913 dictum
263 844 449 933 accipimus.
462 847 538 909 Haec
548 844 649 927 enim,
659 868 732 935 quae
742 866 782 909 ex
792 843 959 914 Lactantio
971 845 1002 910 N
1004 847 1204 936 umeuioque

130 951 367 1032 adscribemus,
384 973 423 1017 ex
439 950 653 1038 antiquorum
669 951 826 1017 sententia
842 951 943 1039 petita
958 968 1046 1021 sunt.
1066 953 1203 1021 Iactan-

131 1058 192 1127 tius
214 1057 289 1146 (r)=
312 1087 327 1114 ι
341 1057 464 1123 Verum
492 1057 650 1121 Arcesilas
678 1057 869 1146 ignorantia·
902 1059 1069 1146 magister,
1099 1084 1203 1148 quum

132 1162 257 1229 Zenoni
277 1163 473 1231 obtrectaret
493 1162 632 1250 principi
653 1162 857 1244 Stoicorum,
881 1178 920 1229 ut
937 1179 1039 1229 totam
1059 1165 1205 1254 philoso-

132 1268 241 1357 phiam
252 1281 411 1333 everteret
420 1266 567 1353 (auctore
581 1266 735 1353 Socrate),
746 1266 887 1354 suscepit
897 1266 982 1333 hanc
992 1271 1204 1351 senteutiam,

132 1371 447 1439 utaffirmaretNihil
457 1372 531 1437 sciri
541 1394 646 1460 posse.
656 1372 770 1459 ltaque
780 1372 1204 1460 coarguitexistimationem

132 1479 423 1570 pbilosophorum,
441 1479 498 1566 qui
514 1478 715 1566 putavissent
729 1477 868 1566 ingeniis
884 1478 952 1543 suis
970 1495 1096 1564 emtum
1117 1503 1205 1565 esse,

130 1603 228 1674 atque
246 1585 412 1651 inventam
427 1583 613 1663 veritatem,
631 1599 719 1648 etc.»
741 1583 925 1649 Numenius
941 1583 987 1672 (a)
1010 1583 1051 1649 de
1075 1587 1206 1654 Zenone

131 1708 165 1759 et
180 1689 338 1759 Arcesila:
357 1719 370 1744 ι
383 1711 486 1776 quum
508 1687 695 1757 Polemonis
717 1688 868 1776 magistri
886 1689 1029 1759 scholam
1052 1713 1118 1755 una
1141 1691 1206 1756 fre·

131 1810 344 1885 quentarent,
363 1810 481 1860 mutuo
496 1794 683 1859 ambitionis
700 1809 733 1863 et
751 1795 970 1861 contentionis
987 1794 1096 1865 studio
1114 1819 1207 1863 erar.

132 1920 286 1985 seruum
299 1917 333 1966 et
342 1902 404 1966 alio
415 1901 449 1967 in
461 1901 534 1965 loco
545 1900 590 1988 (3)
603 1924 610 1965 τ
624 1932 637 1957 ι
647 1924 750 1988 quum
764 1901 863 1989 igitur
869 1902 1025 1968 Arcesilas
1036 1904 1205 1975 Zenonem

131 2009 193 2075 sibi
202 2010 237 2075 in
246 2023 315 2073 arte
326 2007 478 2099 aemulum
490 2028 559 2071 esse
569 2005 702 2086 videret,
712 2005 914 2094 dignumque
923 2031 1000 2077 eum
1010 2008 1208 2074 existimaret

131 2113 364 2193 adversarium,
372 2134 410 2174 ex
421 2134 489 2198 quo
498 2108 658 2175 debellato
666 2108 764 2173 decus
774 2110 834 2175 sibi
843 2126 1208 2201 pararet,quaecumque

131 2220 175 2287 ab
199 2219 256 2283 illo
280 2214 427 2285 dictand
452 2240 486 2281 se
511 2214 758 2296 deferebantur,
781 2214 917 2304 impigre
939 2216 1154 2304 impugnabat
1175 2234 1208 2282 et

132 2321 335 2413 intrepide-3
354 2338 387 2386 et
403 2322 512 2411 paullo
526 2337 601 2409 post
620 2319 690 2408 (4):
714 2350 727 2375 ι
740 2342 845 2407 quum
865 2319 966 2408 igitur
985 2319 1103 2410 dogma
1125 2320 1207 2403 hoc,

132 2431 308 2520 ipsumque
318 2449 439 2492 nomen
449 2424 753 2514 comprehendentis
762 2425 938 2513 phantasia
948 2426 988 2498 ab
999 2426 1054 2491 illo
1062 2428 1206 2515 primum

132 2537 305 2602 inventum
329 2534 467 2599 maxime
496 2532 630 2597 Athenis
652 2531 805 2599 celebrari
828 2555 866 2596 oc
891 2532 1017 2620 placere
1040 2547 1204 2614 cerneret,

133 2642 227 2709 omni
243 2638 397 2707 adversus
415 2660 486 2702 eam
507 2636 730 2702 machinarum
748 2659 866 2726 genere
884 2637 1072 2704 utebatur».
1089 2637 1209 2703 Subdit

132 2763 245 2812 autern
259 2745 458 2826 Numenius,
473 2746 658 2824 Zenonem,
674 2764 777 2830 quum
790 2741 893 2807 multa
906 2743 1041 2819 fortasse
1057 2743 1206 2826 haberet,

132 2875 209 2942 quas
233 2873 294 2940 pro
316 2874 374 2916 sua
396 2849 564 2938 phantasia
589 2847 727 2929 diceret,
749 2847 830 2911 nibil
854 2864 964 2913 tamen
984 2848 1206 2936 respondisse,
1269 2864 1280 2891 ⁴

134 2982 249 3027 verum
270 2980 374 3045 quum
394 2957 522 3021 nullum
545 2971 713 3043 appareret
733 2954 883 3020 Arcesilas
906 2953 1091 3033 decretum,
1117 2953 1207 3042 qnod

135 3067 204 3154 ipse
231 3064 373 3129 vicissim
400 3062 625 3151 impugnaret,
650 3059 802 3126 adversus
830 3059 973 3125 Platonis
1002 3058 1084 3123 nihil
1109 3059 1145 3122 in
1173 3081 1208 3123 se

135 3170 320 3237 commeriti
335 3168 486 3257 dogmata
502 3189 570 3231 sese
582 3166 787 3233 convertisse.
804 3166 945 3254 Impune
960 3187 1037 3254 ergo
1051 3164 1207 3229 Arcesilas

135 3299 250 3342 sensus
267 3291 301 3340 et
319 3272 592 3341 consuetudinem
612 3272 1003 3359 comprehensionemque
1022 3271 1208 3335 universam

136 3383 338 3465 devastabat,
356 3380 461 3445 donec
482 3395 614 3445 exortus
634 3379 722 3442 ultor
738 3395 803 3458 est,
822 3378 1021 3467 Chrysippus
1040 3376 1207 3459 videlicet,

136 3490 194 3579 qui
211 3489 378 3556 Ponticum
389 3486 518 3553 videtur
530 3485 643 3555 fulcire
659 3485 844 3551 Stoicorum
857 3484 920 3570 (5),
935 3483 969 3548 id
981 3499 1046 3565 est,
1057 3483 1208 3549 Porticus

174 3785 211 3846 (t)
230 3782 314 3829 Divin.
327 3781 407 3827 lustit.
416 3778 459 3826 lib.
471 3781 521 3836 111,
541 3777 571 3824 de
584 3775 641 3823 falsa
653 3777 713 3841 Sap.
726 3793 780 3841 cop.
791 3778 824 3833 6,
844 3792 899 3842 pag.
912 3792 960 3824 noo
971 3811 979 3834 ,
989 3787 1050 3824 tour.
1061 3778 1081 3822 1.

174 3870 213 3935 (α)
232 3868 306 3934 Apud
319 3867 407 3916 Euseb.
423 3869 503 3930 Praep.
514 3867 560 3914 Ev.
573 3864 617 3914 lib.
626 3866 697 3924 nv,
711 3880 765 3929 cap.
781 3865 809 3921 5,
824 3880 883 3929 pag.
896 3879 961 3927 729,
973 3880 996 3911 o.

174 3961 215 4025 (3)
233 3959 307 4023 Apud
321 3955 411 4005 Euseb.
422 3957 500 4019 Praep.
509 3957 554 4003 Er.
564 3953 608 4002 lib.
620 3953 690 4012 XIV,
707 3970 760 4018 cap.
770 3954 800 4010 6,
817 3969 874 4018 pag.
883 3954 951 4014 733,
964 3969 989 4000 a.

174 4048 214 4113 (4)
233 4046 339 4109 Ibidem,
349 4044 393 4093 lib.
403 4044 475 4100 m,
490 4057 544 4106 cap.
559 4041 591 4101 6,
604 4057 661 4107 pag.
674 4041 723 4104 733
732 4074 741 4100 ,
755 4051 803 4088 aet
816 4040 840 4088 b.

173 4138 212 4204 (5)
232 4139 317 4189 Cicero
330 4136 356 4183 in
369 4132 489 4190 Lucullo,
505 4133 611 4193 θαμά.
