2678 4800
298 389 334 455 r.
358 387 599 459 VALEN'HAE
623 387 900 461 Antoninos.
1088 386 1136 481 ts

81 506 151 598 apud
168 507 334 574 laertium
352 508 417 598 (ι),
429 508 465 573 lit
477 509 659 575 secundum
672 510 753 593 hos,
770 527 827 576 aut
842 532 950 594 sensu,
966 529 1006 578 ut
1021 515 1086 580 albi
1102 535 1136 584 et

79 615 165 705 nign',
177 613 283 703 asperi
300 629 333 678 et
351 613 454 696 laevis,
476 629 537 679 etc.
557 631 615 679 aut
633 620 774 698 ratione,
797 633 835 682 ut
853 639 968 681 eorum
987 641 1059 707 qum
1071 621 1135 687 vde-

74 719 302 785 monstratione
318 716 532 808 colliguntur,
558 736 615 802 ut,
634 721 720 785 Deos
739 744 809 786 esse
827 738 859 786 et
877 723 1003 788 mundo
1025 727 1136 815 prori-
1192 790 1198 797 ,

71 825 216 914 dere(a).
239 827 286 890 Ac
307 826 537 914 quamplures
563 825 812 917 significationes
840 851 949 894 sensus
974 832 1134 898 vocabulo

69 935 227 1017 tribuant,
245 934 279 997 in
297 956 348 1016 ea,
363 956 466 1021 quum
482 933 524 998 de
533 934 593 998 'illo
610 935 656 998 sic
666 950 784 1024 agunt,
802 937 980 1024 accipiunt,
997 960 1080 1026 qua,
1097 954 1136 1005 ut

66 1041 209 1107 delinitio
226 1041 296 1130 ipsa
309 1042 475 1121 continet,
492 1041 652 1106 sentiendi
665 1042 883 1106 instrumento
894 1044 1011 1108 factam
1024 1068 1137 1135 appre-

64 1148 256 1214 hensionem
273 1145 444 1237 significari
463 1145 586 1212 dicunt.
605 1149 729 1235 Atque,
750 1148 784 1210 in
808 1147 997 1228 hujusmodi
1019 1150 1135 1216 inscri-

63 1255 194 1342 ptione,
208 1253 384 1343 phantasiae
397 1251 562 1316 literarum
573 1274 671 1316 usum
683 1267 844 1340 praestant.
861 1253 919 1318 Est
933 1275 1010 1318 vero
1024 1255 1135 1321 Phun-

62 1364 161 1443 tasia,
181 1374 222 1423 ut
236 1357 323 1447 apud
341 1357 551 1422 Plutarchum
569 1355 617 1445 (3)
635 1357 835 1446 Chrysippus
852 1358 911 1439 ait,
927 1389 941 1414 α
955 1358 1089 1426 affectio
1099 1363 1134 1425 in

61 1464 171 1527 animo
189 1463 290 1545 facta,
307 1486 363 1545 se,
381 1479 413 1527 et
421 1462 455 1526 id
472 1485 574 1550 aquo
591 1477 641 1526 est
655 1461 788 1542 affecta,
802 1460 1009 1528 ostendens».
1025 1465 1134 1531 Veluti

60 1593 166 1659 quum
180 1570 254 1634 visu
268 1569 440 1658 aspicimus
453 1569 579 1651 album,
593 1569 722 1633 affectio
735 1567 884 1656 quaedam
897 1585 997 1657 atque
1008 1592 1136 1658 permo-

61 1676 107 1740 tio
126 1677 161 1739 in
177 1675 289 1739 animo
302 1674 357 1756 lit,
375 1675 428 1738 cui
440 1673 655 1739 commotioni
673 1673 803 1757 album,
820 1674 911 1762 quod
929 1675 1031 1764 ipsam
1048 1677 1135 1741 exci-

61 1781 164 1863 tavit,
196 1779 362 1860 subjacere
385 1777 532 1843 dicimus.
564 1779 715 1867 Namque
739 1776 786 1866 (4)
809 1779 977 1867 phantasia
1002 1781 1134 1846 luminis

64 1883 167 1971 [φωτὸς
178 1886 211 1974 ],
226 1908 245 1949 a
260 1908 327 1974 qno
341 1883 641 1949 denominationem
655 1884 795 1973 accepit,
820 1884 854 1947 in
873 1884 1029 1968 modum,
1048 1902 1080 1951 et
1099 1908 1134 1951 se

61 2009 96 2056 et
111 1991 147 2056 id
164 2015 183 2056 a
199 2013 266 2080 quo
282 2006 330 2057 est
345 1991 479 2072 affecta,
493 1988 629 2053 indicat:
643 1990 727 2053 sicut
742 1989 851 2077 ipsum
861 1991 972 2055 lumen
987 2008 1022 2078 et
1038 2015 1088 2075 se,
1101 2009 1135 2058 et

60 2120 134 2161 rent
152 2098 276 2162 lumine
298 2098 499 2161 illustratam.
523 2096 636 2178 Quum
654 2117 732 2184 ergo
757 2098 847 2159 Zeno
868 2095 914 2188 (5)
931 2097 1133 2185 phantasiam

63 2215 174 2267 τύπωσιν
189 2215 213 2267 ἰν
234 2213 313 2283 ψυχῇ,
326 2202 361 2266 id
375 2217 439 2283 est,
452 2203 685 2289 impressionem
696 2204 729 2263 in
738 2200 858 2277 animo,
872 2199 1020 2284 dixisset,
1031 2203 1135 2290 Chry·

61 2310 194 2398 sippus,
206 2321 332 2384 τύπωσιν,
347 2308 380 2372 ld
397 2324 462 2389 est,
479 2311 727 2395 impressionem,
740 2316 882 2379 ἀλλοίωσιν,
898 2306 932 2369 id
946 2325 994 2371 est
1003 2355 1012 2389 ,
1022 2310 1135 2373 immu-

63 2418 230 2497 mnonem,
242 2415 514 2504 interpretabatur
528 2436 614 2478 :non
624 2413 711 2476 enim
721 2410 788 2476 fieri
803 2435 914 2500 posse,
926 2412 1004 2477 utin
1017 2413 1133 2478 eodem

63 2522 139 2586 loco
154 2522 264 2610 plures
280 2520 507 2609 impressiones
526 2518 640 2583 eodem
659 2533 806 2606 tempore
827 2535 994 2600 constent,
1016 2520 1044 2583 si
1064 2520 1134 2609 typi

64 2627 165 2691 veluti
178 2627 337 2716 impresso
348 2625 453 2715 sigillo
471 2627 504 2688 in
521 2625 630 2689 animo
644 2624 733 2688 fiant.
751 2625 863 2707 Quum
880 2647 957 2689 vero
976 2628 1010 2688 in
1026 2629 1134 2691 amitto

66 2731 195 2815 dicunt,
211 2733 391 2821 principem
405 2731 505 2795 animi
514 2746 640 2820 partem
652 2728 854 2819 significant:
870 2730 905 2793 in
917 2754 953 2795 ea
965 2732 1051 2795 enim
1066 2733 1133 2797 sola

66 2839 271 2927 phantasias,
300 2854 333 2902 et
361 2836 581 2917 assensiones,
608 2852 640 2901 et
672 2836 884 2924 appetitiones
913 2838 1134 2921 constituunt;

67 2942 171 3031 quod,
188 2959 304 3031 praeter
314 2942 525 3007 Plutarchum
541 2941 609 3029 (6),
639 2940 784 3005 Stobaeus
808 2941 842 3004 in
868 2941 1013 3030 Physicis
1038 2943 1135 3008 tradit

66 3050 152 3139 (cap.
168 3050 231 3135 39,
248 3050 333 3114 circa
348 3048 476 3136 finem).

113 3178 163 3241 19.
178 3157 261 3222 Sunt
275 3169 384 3219 autem
400 3154 576 3243 phantasiae
592 3153 660 3218 aliae
672 3162 787 3233 tund,
803 3151 837 3216 id
855 3168 921 3233 est,
935 3153 1114 3217 'rationales
1123 3179 1136 3219 .-

67 3261 134 3327 aliae
147 3272 250 3343 ἄλογοι,
267 3260 303 3325 id
318 3277 380 3343 est,
397 3261 602 3327 r'rrationnles.
619 3261 801 3325 Rationales
816 3275 908 3341 suut,
925 3282 997 3350 quae
1009 3261 1135 3327 ratione

101 3506 140 3571 (t)
158 3508 189 3554 ln
201 3507 313 3562 Zenone,
324 3504 368 3553 lib.
378 3506 439 3562 vlt,
453 3515 511 3552 sect.
527 3504 572 3562 52,
587 3520 612 3567 p.
626 3504 685 3566 396.

101 3595 140 3661 (a)
152 3593 274 3642 Plutarch.
284 3593 316 3640 de
328 3593 391 3658 plac.
402 3591 494 3641 Philos.
506 3591 549 3639 lib.
562 3593 607 3650 lv,
619 3607 674 3656 cap.
687 3588 717 3650 8,
724 3607 781 3657 pag.
790 3592 855 3657 899,
869 3601 893 3638 et
902 3593 981 3638 Laert.
991 3590 1017 3637 in
1023 3591 1133 3650 Zenone,

69 3682 183 3741 tit.v11‚
195 3692 255 3730 sect.
267 3682 316 3738 52,
330 3696 385 3745 pag.
394 3680 454 3743 396.

104 3770 143 3836 (3)
160 3774 198 3819 De
210 3771 295 3835 placit.
307 3769 488 3825 philomitor,
507 3784 560 3832 cap.
573 3783 618 3826 ra,
633 3782 689 3832 pag.
702 3782 768 3829 9οο,
778 3765 804 3814 d.

103 3862 142 3925 (t)
159 3862 259 3916 Sextus,
278 3858 381 3907 lib.v11
401 3857 516 3904 adversus
533 3855 720 3904 Mathematicos
737 3852 777 3919 (1.
793 3854 909 3902 adversus
922 3851 1056 3918 Logicos)‚
1073 3863 1134 3901 sect.

74 3949 135 4005 163,
148 3963 204 4011 pag.
219 3950 277 4006 tod-
827 3923 832 3932 ’

103 4034 142 4102 (5)
161 4038 238 4084 hert.
253 4035 280 4082 in
294 4036 407 4091 Zenone,
426 4031 818 4096 nn.t⁷11‚seet.so7,pag.395.

104 4124 144 4191 (6)
162 4125 199 4172 De
209 4123 273 4190 plac.
287 4120 379 4170 Philos.
392 4119 436 4171 lib.
447 4121 491 4179 tv,
503 4135 556 4185 cep.
572 4134 600 4168 ιι
615 4129 640 4167 et
653 4131 696 4167 ar.
