2678 4800
72 413 1142 448 mmmmmmmmmmmmm

436 586 792 658 INTRODUCTIO

73 754 160 856 IN
194 751 610 859 CICERONIS
648 751 1133 865 ACADEMICA.

468 939 756 968 -ψ-

374 1074 556 1181 PARS
592 1076 852 1205 PRIMA,

91 1268 168 1329 QUA
184 1269 232 1314 DB
251 1266 411 1314 lenonum
432 1267 617 1314 multotum
633 1268 780 1334 TITULO,
795 1270 937 1320 numer
959 1275 1127 1326 entrtottn

378 1390 423 1435 ET
443 1388 608 1436 Ttttss‘onn
632 1390 849 1440 nlssentrmt.

244 1535 346 1640 (EX
384 1534 460 1613 JO.
495 1535 631 1613 AUG.
668 1535 977 1647 GOERENZ.)

483 1696 723 1723 ψ

75 1801 183 1930 Qun
194 1834 236 1900 de
244 1834 295 1899 his
303 1832 392 1899 libris
403 1832 437 1897 in
450 1834 638 1899 universum
651 1835 813 1924 praefanda
823 1855 915 1922 sunt,
925 1839 992 1906 duo
1007 1844 1146 1912 maxime

72 1957 239 2032 spectant,
255 1939 499 2028 inscriptionem
515 1963 647 2022 eorum,
667 1958 700 2005 et
715 1940 877 2030 duplicem
895 1944 1082 2016 editionem.

119 2050 146 2113 1.
163 2048 213 2112 De
225 2045 436 2134 inscriptione
447 2067 549 2134 pauca
559 2061 686 2109 tantum
695 2048 858 2143 monenda
867 2049 937 2115 haec
947 2070 1041 2132 sunt,
1049 2079 1147 2144 prave

72 2175 131 2218 eos
142 2152 241 2242 vulgo
252 2150 519 2215 Academicorum
536 2148 773 2235 Quaestionum,
784 2153 849 2236 vel,
859 2171 896 2218 ut
905 2178 1012 2245 nuper
1020 2159 1148 2225 suaderi

72 2276 217 2348 coeptum
237 2272 303 2341 est,
318 2258 595 2346 Disputatiouum,
615 2254 891 2346 titulo'insigniri,
909 2261 1030 2350 quippe
1048 2288 1148 2351 quem

72 2388 136 2430 nec
157 2364 289 2444 Cicero,
311 2385 371 2426 nec
394 2361 527 2450 reliqui,
546 2360 603 2449 qui
626 2360 746 2424 horum
768 2362 928 2428 librorum
945 2369 1148 2435 mentionem

73 2471 216 2553 faciunt,
232 2484 420 2559 agnoscant
436 2471 510 2557 Ipse
524 2469 612 2532 enim
629 2491 684 2533 eos
702 2469 897 2534 Academica
909 2490 1004 2538 vocat
1017 2475 1082 2540 Off.
1098 2478 1147 2562 ΙΙ,

74 2602 113 2655 2,
133 2576 152 2642 8
170 2576 291 2664 (atque
307 2575 352 2639 ita
366 2574 505 2663 ubique,
526 2589 564 2638 nt
582 2574 661 2638 alios
677 2575 796 2639 multos
813 2578 1075 2665 praetermittam,
1099 2582 1147 2666 is,

73 2684 131 2773 qui
147 2672 203 2746 ios
219 2680 315 2746 toties
331 2679 458 2761 laudat,
476 2679 604 2746 Nonius
615 2677 646 2768 ),
663 2679 739 2743 alias
756 2679 867 2746 addito
885 2685 1035 2766 nomine,
1053 2686 1145 2774 quod

72 2813 133 2879 per
147 2811 183 2853 se
199 2786 398 2876 intelligitur,
414 2786 621 2850 Academicos
640 2785 733 2849 libros
750 2786 858 2851 Divin.
882 2789 930 2873 ΙΙ,
953 2813 981 2872 1,
1001 2813 1029 2873 1,
1045 2792 1145 2880 idque

72 2894 189 2959 imitati
216 2907 292 2959 sunt
323 2892 546 2981 Augustinus,
574 2892 778 2972 Lactantius,
806 2891 869 2956 alii.
897 2893 983 2958 Dicit
1012 2895 1144 2962 eosdem

73 2999 208 3089 quidem
223 2997 450 3063 Academicam
460 2998 674 3086 quastionem,
689 3013 723 3060 et
735 2997 947 3062 Academiam
964 3003 1028 3065 Att.
1045 3004 1143 3087 Xlll,

74 3130 126 3196 ep.
149 3129 204 3193 19,
228 3104 279 3170 cll.
300 3126 352 3192 ep.
376 3103 432 3186 133
453 3102 527 3186 sed,
550 3119 588 3166 ut
609 3105 709 3184 solet,
729 3102 770 3167 ad
787 3103 926 3167 amicum
950 3103 991 3169 de
1013 3130 1049 3171 re
1068 3109 1145 3174 huic

74 3229 151 3278 nota
172 3212 303 3302 vagius5
326 3208 509 3297 eodemque
533 3208 633 3273 modo
656 3208 787 3273 eosdem
805 3210 967 3290 Ικαδημικῆς
992 3224 1146 3292 συντάξεως,

72 3317 121 3382 vel
134 3316 322 3406 simpliciter
333 3315 510 3395 Ιηδημικῆς,
525 3315 658 3378 nomine
668 3330 769 3378 notat.
779 3314 827 3378 Cf.
838 3313 917 3380 ibid.
929 3339 981 3406 ep.
995 3320 1035 3383 16
1046 3334 1078 3383 et
1094 3344 1144 3385 12.

73 3424 203 3488 Absona
220 3437 269 3486 est
281 3421 377 3485 etiam
391 3419 481 3483 vocis
494 3422 701 3508 quaestionum
712 3418 752 3482 ad
767 3420 836 3484 haec
848 3437 979 3486 tractata
988 3422 1143 3506 adjectio,

74 3555 178 3620 quum
200 3552 269 3594 non
291 3526 333 3591 de
356 3527 468 3609 variis,
491 3543 547 3590 aut
572 3526 722 3608 diversis,
744 3525 942 3613 quibusdam
965 3529 1143 3595 Academias

74 3636 209 3701 decretis
230 3649 358 3723 agatur,
376 3631 433 3696 sed
452 3632 493 3697 de
509 3655 575 3697 nna
591 3632 771 3717 Academiae
790 3634 977 3698 recentioris
995 3635 1143 3721 philoso-

73 3742 169 3829 phia,
193 3739 234 3803 ab
261 3737 400 3803 Arcesila
425 3734 501 3801 inde
527 3736 567 3800 ad
593 3738 764 3811 Philonem
791 3759 916 3824 usqne,
941 3755 1142 3826 exponatur3

74 3845 225 3934 expositis
244 3845 299 3924 iis,
319 3867 391 3931 quae
408 3844 589 3908 Antiochus
606 3844 790 3908 Ascalonita
809 3859 922 3905 contra
942 3864 1012 3906 eam
1029 3843 1142 3935 dispn.

74 3968 202 4016 taverat.
230 3949 396 4013 Praemissa
423 3948 556 4036 quidem
583 3949 634 4012 his
660 3966 709 4012 est
736 3947 842 4010 brevis
871 3945 1017 4033 quaedam
1043 3954 1143 4020 totius

76 4057 251 4122 Academiae
280 4078 298 4118 a
324 4055 458 4120 Platone
485 4055 577 4137 inde,
607 4079 645 4119 cx
673 4052 818 4134 ejusdcm
844 4052 997 4118 Antiochi
1022 4059 1144 4127 ratione

144 4171 173 4238 Ι.
198 4181 247 4233 Cic.
254 4195 315 4248 pars
332 4178 407 4227 tertia.
1004 4187 1015 4230 t
