2640 5214
204 333 216 361 t

451 367 782 440 turnouucuo.
999 334 1004 342 ’
1110 375 1153 448 13

52 497 218 587 simplici
240 492 508 558 Academicorum
531 491 780 573 editione,·nec
804 490 845 555 de
872 492 1008 558 Lucullo
1033 510 1097 560 tres
1115 497 1151 560 in

54 601 178 668 libros
195 596 396 672 divellendo‚
408 595 575 685 probabile
589 595 766 684 quidquam
781 618 851 660 esse
864 598 1037 664 monitum.
1060 598 1151 666 ldem

60 730 212 797 prorsus
233 705 330 769 etiam
353 701 393 766 de
415 702 454 765 iis
474 702 573 776 valet,
598 724 670 789 quae
691 700 859 788 deprimo
882 703 1008 767 Luculli
1029 707 1151 793 capite,

65 831 246 901 tamquam
265 807 375 907 spurio
395 806 587 870 affemntur.
608 805 658 869 nd
676 829 713 869 ea
734 805 887 894 pleraque
906 824 1015 872 nostra
1033 828 1150 900 sponte

72 923 109 984 in
128 915 344 982 adnotatione
362 911 404 976 ad
426 912 491 976 hoo
513 928 610 1001 caput
634 912 832 999 respeximus
858 911 954 1000 (narn
973 915 1041 980 hec
1058 919 1149 1005 prius

77 1025 164 1115 prela
188 1022 381 1109 reliquerat,
405 1041 503 1106 quani
529 1017 655 1081 libellus
679 1019 732 1082 ille
754 1016 948 1105 ederetur):
969 1037 1001 1084 et
1024 1023 1149 1113 reliqua

83 1133 145 1212 ejus
160 1128 290 1219 generis
306 1142 398 1206 sunt,
415 1141 454 1187 ut
468 1147 502 1188 se
518 1125 587 1212 ipsa
598 1122 754 1211 prodant,
770 1146 800 1188 v.
813 1146 841 1187 c.
861 1124 950 1212 quod
959 1150 1079 1214 ponere
1086 1151 1148 1215 pro

87 1237 283 1313 autunum,
306 1245 439 1294 statuere
462 1228 502 1293 de
526 1230 674 1317 personis
698 1228 885 1316 simpliciter
908 1222 1056 1295 Ciceroni
1079 1255 1147 1299 non

88 1341 222 1421 dicatur,
248 1337 341 1417 cujus
366 1352 474 1399 tamen
497 1357 576 1398 usus
600 1333 759 1399 Mencken
785 1334 878 1399 Obss.
905 1358 937 1423 p.
967 1338 1049 1424 763,
1079 1362 1146 1429 seq.

90 1446 302 1534 exemplorum
319 1441 440 1506 nubem
456 1440 627 1530 congessit.
646 1440 736 1504 Nihil
754 1439 852 1528 igitur
870 1440 938 1505 haec
956 1444 1088 1527 morati,
1105 1444 1147 1510 ad

92 1566 222 1615 nostram
236 1549 509 1637 qualemcumque
524 1546 575 1609 his
588 1544 629 1609 de
643 1545 733 1608 libris
750 1546 942 1609 sententiam
955 1549 1128 1636 pergimus.

126 1656 170 1719 Ex
180 1657 240 1719 ista
249 1653 350 1743 igitur
358 1652 552 1715 refutatione
561 1650 626 1713 hoc
636 1650 731 1714 nobis
739 1650 819 1714 lucri
831 1651 1000 1716 accessisse
1008 1653 1145 1738 videtur,

95 1775 125 1822 ot
138 1760 168 1823 in
188 1760 250 1823 hac
273 1771 383 1821 nostra
402 1772 510 1821 mente
528 1755 715 1843 explicanda
732 1755 938 1821 brevioribus
956 1780 1026 1821 esse
1042 1759 1144 1826 liceat.

96 1864 163 1928 Nam
181 1864 343 1944 diversos,
363 1884 423 1926 nec
439 1859 582 1943 ejusdem
602 1860 773 1943 editionis,
799 1862 898 1925 libros
915 1884 984 1925 esse
1002 1864 1145 1951 primum

99 1987 124 2033 et
148 1969 341 2051 secundum,
369 1968 426 2055 qui
454 1967 561 2031 adhuc
592 1983 764 2055 superant,
794 1966 1089 2035 Academicorum:
1111 1973 1145 2036 in

99 2076 310 2160 posterioribus
326 2090 453 2154 autem,
469 2088 501 2136 et
514 2071 646 2159 quidem
662 2073 696 2141 in
715 2072 867 2136 omnibus
886 2073 931 2136 IV
946 2073 1054 2157 libris,
1069 2078 1147 2140 Var-

99 2181 156 2242 roni
167 2180 317 2267 colloquii
332 2195 437 2267 partes
449 2177 547 2240 fuisse
561 2176 742 2263 primarias,
756 2178 831 2239 satis
843 2178 875 2239 in
889 2179 1145 2265 praecedentibus

101 2279 225 2351 docuisse
245 2285 340 2349 nobis
362 2281 521 2346 videmur.
546 2282 710 2368 Utrosque
730 2281 826 2343 etiam
844 2304 918 2344 vere
938 2305 1006 2346 esse
1025 2284 1144 2369 editos,

102 2409 132 2451 er
149 2410 215 2456 ante
236 2390 410 2480 propositis
437 2389 542 2468 facili,
568 2404 600 2452 et
630 2387 705 2451 satis
728 2403 817 2450 certo
839 2385 962 2466 judicio
990 2392 1144 2479 consequi

101 2492 227 2560 ridetur:
248 2494 306 2559 sed
325 2493 411 2557 idem
430 2515 469 2556 ex
487 2493 639 2579 singulari
658 2490 801 2578 quodam
820 2492 910 2572 loco,
927 2514 1025 2579 quem
1044 2493 1146 2558 inter-

102 2615 184 2680 pretes
210 2599 373 2687 negligere
394 2597 426 2660 h.
454 2597 473 2660 l.
502 2619 568 2659 non
593 2595 773 2675 debebant,
803 2593 980 2659 evidentius
1004 2599 1146 2686 expediri

102 2720 175 2784 Posse
188 2706 328 2770 videtur.
345 2706 409 2766 Au.
427 2704 525 2783 Xlll,
542 2725 591 2790 ep.
608 2725 660 2765 21.
677 2702 826 2765 Suaserat
841 2702 967 2766 Atticus
979 2703 1146 2788 Ciceroni,

102 2824 130 2870 ut
141 2811 168 2875 in
184 2814 256 2877 loco
272 2811 398 2897 aliquo,
417 2809 458 2872 ad
476 2830 616 2896 graecum
634 2808 770 2871 verbum
788 2819 897 2885 ἰπέχιιν,
912 2832 1004 2872 novae
1021 2810 1145 2875 Acade-

102 2914 155 2978 miae
165 2917 350 3005 proprium,
364 2914 626 3002 exprimendum,
639 2936 700 3001 pro
713 2913 814 2977 verbo
826 2916 995 2993 sustinere,
1012 2917 1147 2982 inhibere

102 3037 275 3100 poneretur:
291 3020 349 3084 sed
366 3020 418 3084 hic
435 3019 483 3096 id,
500 3021 674 3107 probatum
687 3036 794 3099 antea,
815 3042 902 3082 nunc
919 3021 1035 3103 rejicit,
1052 3046 1147 3112 repo·

102 3123 180 3212 nique
200 3126 279 3191 illud
300 3126 395 3206 jubet
417 3125 465 3187 his
488 3125 616 3187 verbis:
635 3125 770 3206 «Quare
791 3124 903 3204 iacies,
926 3142 963 3188 ut
982 3126 1026 3189 ita
1049 3129 1090 3191 sit
1112 3131 1144 3193 in

102 3224 179 3315 libro,
193 3231 469 3322 quemadmodum
482 3231 552 3294 fuit.
571 3230 665 3294 Dices
683 3232 746 3294 hoc
760 3231 845 3294 idem
855 3231 1008 3314 Varroni,
1025 3234 1050 3298 si
1064 3234 1076 3321 (
1085 3237 1144 3316 sic,

102 3345 243 3423 nonnisi,
268 3364 328 3404 scr.
349 3338 522 3403 adderetur
538 3339 612 3401 alias
629 3339 713 3425 ipse)
737 3340 821 3401 forte
844 3342 1001 3404 mutavit:
1020 3365 1080 3404 nec
1098 3359 1145 3405 est

102 3445 194 3511 melius
215 3447 411 3535 quidquam,
435 3467 532 3532 quam
550 3461 588 3506 ut
608 3445 761 3507 Lucullus
784 3446 939 3508 sustineat
958 3470 1090 3509 currum
1110 3462 1147 3509 ut

102 3542 186 3616 botius
198 3576 281 3640 saepe
293 3553 440 3640 agitator,
455 3573 657 3637 equosque».
674 3551 749 3613 Haeo
762 3551 874 3614 Cicero
887 3551 927 3614 de
940 3552 1022 3613 libro
1036 3551 1145 3637 aliquo

102 3670 160 3736 tuo,
176 3680 273 3745 quem
292 3657 386 3720 etiam
403 3655 505 3718 Varro
530 3654 727 3743 descriptum
745 3655 901 3734 habebat,
921 3655 1040 3741 quibus
1059 3657 1144 3738 vult,

102 3763 186 3829 uhic
204 3766 244 3829 ab
264 3766 369 3829 Attico
387 3763 517 3827 deloco
536 3763 591 3826 illo
608 3761 765 3826 mutando
784 3778 965 3825 moneatur.
985 3763 1053 3825 Jam
1072 3764 1145 3829 vide

103 3864 197 3935 deadd.
216 3872 265 3950 ΙΙ,
283 3891 341 3955 29,
362 3873 422 3954 94,
440 3868 497 3932 ubi
513 3866 600 3931 idem
617 3867 772 3931 Lucullus
790 3866 835 3930 sic
850 3889 857 3929 τ
874 3867 968 3954 «Ego
986 3868 1090 3951 enim,
1108 3888 1145 3935 ut

103 3971 214 4054 agitator
227 3974 374 4055 callidus,
390 3974 479 4062 prius
492 3995 590 4060 quam
601 3971 644 4035 ad
659 3971 756 4035 finem
772 3971 916 4047 veniam,
931 3995 1033 4060 equos
1049 3977 1146 4039 susti-

103 4075 185 4145 nebo:
201 4102 306 4168 eoque
318 4079 436 4166 magis,
450 4078 477 4142 si
492 4079 581 4141 loeus
598 4076 641 4160 is,
655 4098 723 4163 quo
737 4075 883 4140 ferentur
896 4077 988 4165 equi,
1005 4101 1145 4168 praeceps
