2640 5214
713 622 722 649 l

224 836 256 878 2·
357 884 360 889 ,
459 806 508 875 ΙΝ
530 803 772 873 CICERONIS
800 803 1064 872 ACADEMICA

221 929 412 1018 deprompta
421 924 581 991 enarratio
594 946 602 988 ε
615 922 672 987 sed
686 923 771 987 hanc
787 924 878 1013 quasi
893 924 926 986 in
943 925 1137 1013 prooemium
1150 923 1280 990 additam

222 1056 308 1115 esse,
322 1032 371 1095 vel
386 1053 425 1093 ex
437 1052 476 1093 eo
488 1043 592 1116 patet,
609 1026 699 1115 quod
715 1027 812 1090 simul
825 1027 921 1089 etiam
935 1029 1075 1092 Zenonis
1088 1028 1283 1117 philosophia

221 1139 355 1204 strictim
374 1136 564 1224 exponitur3
580 1134 625 1197 ita
639 1134 726 1197 enim
743 1133 890 1197 facillime
907 1131 1012 1197 aditus
1024 1134 1058 1197 in
1075 1157 1193 1199 noram
1208 1138 1285 1201 Aea·

221 1244 361 1308 demiam
378 1243 481 1330 ipsam
499 1239 712 1328 aperiebatur.
736 1240 812 1304 Nou
828 1239 929 1327 igitur
944 1237 1049 1302 redire
1066 1241 1233 1305 Emestius
1248 1240 1286 1305 ad

219 1350 382 1437 vulgatam
403 1344 558 1425 debebat,
582 1344 678 1407 Petro
702 1343 826 1424 Fabro,
850 1347 883 1407 iu
907 1344 1149 1409 Commentario
1172 1345 1211 1409 ad
1230 1346 1286 1411 hos

217 1457 338 1538 libros,
360 1454 426 1533 jam
451 1452 587 1516 rectiora
611 1450 768 1535 docente,
789 1451 984 1539 Davisioque
1004 1473 1079 1514 vere
1100 1452 1148 1515 sic
1164 1451 1285 1518 edente.

217 1563 330 1626 Ortum
349 1580 418 1623 esse
435 1555 655 1643 inscriptionis
671 1555 842 1618 falsitatem
859 1577 899 1619 ex
920 1554 1176 1619 Tusculanarum
1195 1555 1287 1642 Quoe·

215 1671 371 1746 stionum,
392 1680 429 1727 ut
455 1661 553 1750 vulgo
577 1661 820 1743 inscribuntur,
844 1659 1075 1741 similitudine,
1101 1662 1152 1726 vel
1173 1662 1287 1728 exinde

214 1772 291 1837 satis
305 1768 427 1835 clarum
441 1767 580 1848 videtur,
596 1765 687 1853 quod
699 1766 765 1846 jem
782 1766 904 1831 Plinius
920 1767 1000 1830 lli—st.
1015 1765 1089 1829 Nat.
1104 1767 1235 1848 XXXI,
1254 1791 1286 1849 a,

215 1877 293 1941 huic
308 1876 383 1940 satis
397 1897 503 1939 crasso
517 1873 618 1936 errori
635 1871 830 1954 indulserat,
847 1888 885 1935 ut
897 1894 1017 1935 nomen
1029 1871 1287 1936 Academicorum

212 1983 252 2046 iis
275 2005 313 2046 ex
336 1982 400 2045 hoe
417 1995 530 2043 natum
554 1976 694 2055 diceret,
719 1975 809 2063 quod
833 1977 867 2039 in
891 1977 984 2058 villa,
1006 1976 1185 2040 Acaclenu'a
1204 1976 1286 2043 dicta

214 2088 266 2176 (si
291 2086 470 2175 quidquam
496 2084 563 2147 veri
587 2084 638 2146 his
665 2084 766 2164 inest,
793 2106 859 2147 non
884 2084 975 2164 villa,
1002 2082 1059 2146 sed
1082 2085 1287 2171 gymnasium

212 2210 295 2275 erat,
315 2192 409 2280 quale
429 2189 626 2280 cognomine
645 2190 760 2254 Cicero
781 2190 877 2253 etiam
899 2190 931 2251 in
948 2188 1134 2252 Tusculano
1154 2211 1216 2254 suo
1233 2190 1289 2255 ha·

212 2300 348 2386 bebat),
364 2296 455 2360 «haec
467 2294 613 2377 ejusdem
625 2296 768 2360 nominis
781 2295 946 2360 volumina
959 2296 1182 2382 composuerit
1193 2330 1217 2361 ι.
1227 2294 1289 2361 Sed

214 2428 281 2495 quo
307 2401 440 2467 demum
465 2424 504 2467 ex
527 2401 619 2465 fonte
640 2401 756 2466 vitium
780 2399 862 2465 illud
883 2417 995 2465 ortum
1018 2424 1116 2465 suurn
1141 2402 1289 2484 traxerit,

215 2508 298 2573 nihil
314 2505 443 2571 videtur
459 2506 578 2571 certius
595 2528 682 2589 esse,
697 2528 794 2595 quarn
808 2505 890 2588 hoc,
911 2505 1103 2569 Ciceronem
1114 2504 1177 2570 hos
1190 2505 1289 2571 libros

212 2614 410 2682 Academica
426 2612 633 2700 inscripsisse.

260 2720 303 2785 11.
334 2718 528 2808 Impeditior
546 2719 681 2804 quaestio
706 2739 760 2794 ea,
787 2715 829 2780 de
852 2714 973 2803 duplici
1002 2716 1195 2781 eorumdem
1223 2716 1291 2782 cdi·

217 2828 324 2906 tione,
339 2822 476 2903 videtur,
490 2822 611 2908 quippe
621 2821 655 2883 in
671 2842 734 2907 qua
748 2821 808 2883 viri
822 2819 911 2884 docti
927 2821 1015 2886 haud
1032 2845 1146 2912 parum
1158 2823 1246 2887 inter
1257 2847 1292 2888 se

216 2928 417 2994 dissentiant.
434 2925 503 2989 Nos
513 2926 579 3005 jam
593 2923 744 3013 quidem,
761 2926 851 3016 quod
865 2928 1059 3009 brevi'licet,
1075 2926 1245 2993 videamus
1261 2944 1293 2993 et

220 3031 433 3121 experiamur,
448 3053 533 3093 anne
550 3053 600 3097 res
614 3030 665 3095 illa
680 3029 786 3095 dirimi
800 3030 1045 3122 quodammodo
1056 3032 1293 3121 dijudicarique

218 3138 341 3230 possit:
359 3135 446 3200 haud
461 3137 549 3201 enim
567 3161 702 3225 parvum
718 3138 793 3202 inde
811 3157 1014 3205 momentum
1031 3140 1071 3204 ad
1089 3141 1209 3205 certius
1225 3142 1293 3229 ple·

220 3245 359 3331 niusque
369 3241 548 3324 judicium,
562 3241 602 3306 de
612 3243 731 3308 horum
742 3245 900 3310 librorum
914 3244 1027 3309 natura
1037 3264 1070 3310 et
1079 3244 1294 3335 dispositione

220 3347 410 3428 ferendum,
427 3346 664 3429 addiderimus,
682 3349 771 3437 quod
790 3373 879 3414 nunc
895 3353 1028 3415 sancita
1041 3367 1187 3443 vagatur,
1202 3368 1241 3417 ut
1254 3376 1294 3418 cx

219 3455 272 3535 iis,
289 3477 360 3540 quae
373 3452 413 3516 ad
427 3454 516 3516 hunc
529 3452 616 3518 diem
629 3455 690 3518 hac
704 3455 745 3518 de
759 3480 794 3519 rc
808 3455 969 3544 disputata
982 3474 1075 3538 sunt,
1093 3479 1134 3520 ne
1146 3459 1293 3544 speciosa

218 3557 350 3647 quidem
365 3560 551 3639 conjectura
564 3557 721 3646 dispicere
735 3561 840 3644 detur,
855 3584 918 3649 qua
931 3563 1057 3626 ratione
1070 3579 1102 3625 et
1114 3563 1163 3625 via
1178 3580 1295 3627 auctor

219 3666 252 3728 in
278 3666 435 3727 universae
459 3665 505 3729 rei
528 3663 744 3753 descriptione
767 3684 912 3732 versatus
941 3669 992 3732 sit.
1018 3667 1222 3756 Responderi
1247 3670 1295 3734 sic

221 3791 354 3859 quoque
367 3768 490 3831 lucilius
503 3769 542 3831 ad
557 3772 792 3858 suspicionem,
807 3775 956 3837 nondum
969 3773 1141 3860 hucusque
1152 3791 1294 3857 motam,

221 3874 278 3942 sed
291 3896 368 3939 sanc
380 3873 591 3954 movendam,
603 3878 737 3963 poterit:
751 3878 866 3940 ·aliam
876 3877 1066 3965 quamdam,
1079 3894 1112 3941 et
1124 3901 1178 3959 ea,
1193 3902 1295 3966 quam

219 4004 285 4070 prae
311 4004 345 4045 se
369 3979 447 4059 fert,
475 3980 637 4067 potiorem
663 3982 822 4045 rationem
848 3984 996 4047 Ciceroni
1022 3983 1054 4046 in
1082 3981 1295 4071 dillingendis

220 4084 488 4151 Academicorum
515 4085 661 4171 priorum
690 4085 774 4150 binis
803 4088 893 4151 libris
920 4089 1121 4153 obversatam
1150 4088 1296 4173 fuisse»,

210 4175 322 4276 ¹'quum
345 4192 404 4254 ista
423 4188 490 4277 ipsa
506 4187 540 4250 in
560 4205 702 4274 quatuor
716 4190 816 4254 libros
836 4193 926 4278 quasi
948 4191 1099 4256 dissectio
1118 4194 1192 4258 satis
1210 4195 1296 4259 clare

219 4293 357 4379 prodere
367 4292 524 4376 videatur,
534 4294 641 4382 ipsum
652 4294 713 4357 sibi
724 4296 756 4358 in
767 4296 920 4360 binorum
933 4298 1063 4362 illorum
1075 4297 1297 4386 descriptione

219 4396 438 4484 displicuisse,
457 4422 627 4489 quumque
647 4399 761 4465 iisdem
781 4388 946 4489 personis,
972 4403 1105 4486 Catulo,
1133 4404 1294 4488 Lucullo,

215 4500 411 4583 Hortensio,
429 4505 498 4592 ipse
517 4506 583 4585 jam
604 4507 682 4571 olim
700 4509 735 4572 in
754 4509 948 4591 Hortensio,
967 4509 1068 4589 libro,
1090 4531 1170 4574 usus
1189 4527 1295 4593 esset,
