2678 4800
225 365 249 435 6
447 367 497 437 IN
517 366 757 439 CICERONIS
779 366 1046 439 AGADEMICA

226 511 277 576 ep.
296 487 355 568 32,
369 487 531 575 duplicem
546 487 693 575 priorum
704 486 970 553 Academicorum
985 487 1160 555 editionem
1174 506 1301 557 statne·

228 594 294 658 bat.
322 592 446 656 Nititur
471 589 557 657 idem
584 590 637 655 ille
666 592 858 657 Plutarcbeo
883 591 975 673 loco,
1000 593 1055 656 vit.
1080 593 1204 659 Lucull.
1228 599 1297 674 Aa:

227 710 378 779 σύγγραμμά
393 727 421 778 γι
435 708 562 778 πάγκαλον
581 710 693 765 insinues
716 704 748 771 (i
762 699 888 779 Kinipus)
905 709 938 770 sis
952 707 997 766 ris
1016 709 1104 778 niptris
1123 701 1298 780 (Ararim),

226 819 250 868 is
269 806 288 880 ᾧ
305 816 347 867 ris
364 815 423 885 inlp
440 821 484 874 τῆς
506 815 666 885 καταλήψεως
683 813 753 884 λόγον
771 815 912 883 Λουκούλλῳ
929 815 1097 883 nutritam,
1116 815 1183 884 ὠτῷ
1201 811 1232 868 di
1252 817 1297 868 ris

225 920 343 972 incurias.
359 919 505 979 Λούκουλλος
524 913 550 971 δ’
565 919 752 989 ἀναγΙγραπται
771 922 799 973 ab
817 917 918 985 βιΰλίον.
938 908 1175 992 Quintilianum
1196 912 1296 976 etlam

225 1016 258 1079 in
284 1037 352 1078 rem
374 1037 466 1077 suam
488 1014 586 1078 trabit
602 1015 710 1079 lnsiit.
735 1015 803 1096 ΙΙΙ,
825 1016 862 1096 6,
879 1016 922 1093 64
944 1037 952 1079 :
977 1043 991 1070 ι
1004 1014 1049 1078 Μ.
1074 1013 1200 1078 Tullius
1225 1039 1296 1080 non

226 1119 386 1184 dubitarit
398 1118 523 1206 aliquos
535 1140 612 1183 suos
625 1119 725 1183 libros
734 1167 743 1202 ,
752 1120 818 1199 jam
830 1118 951 1200 editos,
964 1119 1032 1183 aliis
1044 1136 1155 1208 postea
1166 1121 1296 1209 scriptis

225 1227 295 1314 ipse
306 1225 473 1307 damnare,
486 1225 570 1289 sicut
583 1225 734 1289 Catulum
748 1240 845 1313 atque
861 1225 1033 1290 Lucullum
1042 1256 1066 1289 ι.
1079 1228 1184 1313 Atque
1196 1227 1296 1291 verba

224 1331 278 1394 illa
287 1353 337 1417 ep.
353 1352 390 1393 12
401 1353 408 1394 :
420 1360 433 1386 ι
443 1329 557 1394 Catulo
567 1345 600 1393 et
609 1330 744 1394 Lucullo
753 1330 828 1393 alibi
838 1352 1033 1418 reponemus
1043 1361 1074 1413 υ,
1085 1331 1130 1395 ita
1141 1330 1305 1419 explicat,

226 1435 454 1499 ritauctorillis
464 1434 645 1519 duumviris
655 1434 921 1523 injurinmficisse
930 1434 991 1500 sibi
1000 1437 1087 1501 visus
1101 1437 1157 1518 sit,
1167 1466 1180 1492 κ
1189 1459 1295 1524 quum

225 1540 274 1620 id,
286 1539 376 1627 qnod
382 1541 449 1620 jam
459 1541 504 1604 eis
516 1540 686 1621 tribuerat,
696 1539 852 1628 quodque
861 1563 976 1605 eorum
987 1542 1078 1628 quasi
1087 1543 1160 1623 jure
1170 1542 1295 1606 factum
1332 1526 1338 1531 ”

225 1663 310 1729 erat,
327 1647 531 1734 eripuisset».
549 1644 612 1709 Sed
629 1646 713 1709 banc
728 1668 865 1734 pronam
882 1644 922 1709 ad
937 1668 1051 1710 verum
1068 1648 1152 1710 viam
1167 1650 1319 1735 primus·

224 1753 367 1820 deseruit
377 1755 562 1820 Lambinus.
573 1756 635 1820 llic
644 1755 732 1818 enim
743 1776 846 1842 quum
858 1769 908 1819 tot
918 1756 1044 1820 Luculli
1052 1754 1140 1843 apud
1148 1754 1310 1820 Nonium*

225 1863 296 1926 loca
310 1861 350 1926 ad
363 1874 512 1951 quartum
526 1860 795 1928 Academicorum
808 1860 927 1926 librum
941 1863 1038 1925 relata
1052 1861 1194 1951 videret,
1209 1855 1296 1927 inte·
1317 1935 1320 1939 ¹

226 1991 322 2057 grum
333 1969 423 2031 hunc
434 1960 698 2055 ad'posteriorcm
708 1966 885 2031 editionem
896 1990 914 2030 a
926 1967 1081 2031 Cicerone
1092 1966 1311 2051 traductum,

226 2090 323 2161 atque
341 2073 448 2137 ultimi
465 2072 538 2137 libri
554 2066 628 2138 l‘oco
646 2075 790 2163 positum
810 2087 842 2139 et
859 2073 991 2154 habuit,
1009 2089 1042 2136 at
1059 2073 1104 2136 ita
1121 2073 1296 2162 inscripsit.
1336 2064 1338 2069 ¹

197 2176 199 2185 '
227 2179 326 2264 Quod
349 2179 417 2259 ejus
436 2180 619 2267 exemplum
642 2179 730 2243 solus
748 2200 825 2243 cnm
849 2177 1024 2260 Durando,
1047 2195 1204 2265 sequutus
1226 2198 1296 2244 non

227 2302 276 2351 est
294 2287 464 2351 Davisius:
480 2284 537 2349 sed
557 2284 666 2374 paullo
686 2284 858 2347 obscurius
876 2283 931 2346 hic
947 2304 982 2346 se
1000 2284 1171 2371 expressit,
1189 2302 1297 2372 quum

228 2393 382 2456 scriberet
399 2388 439 2453 ad
456 2389 580 2452 Lucull.
599 2390 630 2465 l,
649 2410 677 2468 1,
691 2404 758 2452 not.
782 2409 818 2452 1:
839 2419 852 2445 ι
865 2387 947 2453 adeo
963 2404 1001 2451 ut
1016 2389 1169 2454 Lucullus
1183 2389 1295 2475 hicce,
1326 2422 1329 2429 ·

228 2498 254 2559 si
273 2493 372 2557 modo
397 2493 574 2580 Prolognm
604 2491 737 2575 demas,
765 2492 865 2557 bresit
893 2492 1043 2557 editionis
1071 2494 1181 2581 primur
1212 2495 1298 2560 liber
1327 2566 1332 2587 ,

228 2599 424 2666 secundus».
440 2597 499 2661 llis
515 2595 647 2685 quidem
662 2599 769 2662 verbis
784 2600 854 2686 ipse
869 2598 976 2663 Daris.
993 2600 1075 2663 nibil
1089 2598 1176 2663 aliud
1190 2600 1297 2667 voluit

226 2706 327 2795 (nam
344 2705 377 2768 in
394 2702 525 2790 reliquis
542 2725 576 2767 se
591 2702 727 2768 Victorii
744 2703 911 2768 sententiaa
926 2704 1056 2791 addit),
1073 2729 1172 2793 quarn
1184 2707 1298 2794 prolo-

227 2834 305 2902 gum
325 2811 416 2874 illum
436 2810 540 2873 serius
558 2808 598 2873 ab
616 2825 748 2873 auctore
764 2831 833 2874 esse
852 2807 1038 2890 adjectum:
1058 2833 1168 2875 ansam
1185 2810 1312 2875 tamen

226 2917 304 2982 inde
321 2914 448 2980 dedisse
465 2912 609 2998 ridetur,
628 2931 665 2978 ut
682 2916 969 3003 primumLuculli
991 2931 1088 3004 eaput
1108 2915 1297 3005 nuperrime

226 3022 367 3089 auctoris
381 3042 450 3086 essa
466 3035 648 3109 negaretur.
664 3022 811 3086 Lambini
827 3037 936 3086 autem
951 3023 1133 3110 exemplum
1148 3022 1182 3086 in
1197 3003 1320 3088 causa·-

226 3131 308 3211 fnit,
320 3145 358 3193 ut
374 3144 406 3192 et
422 3128 471 3190 De
487 3126 570 3191 Allio
582 3127 716 3216 singulis
728 3126 780 3191 his
796 3143 937 3215 quatuor
950 3127 1038 3192 libris
1056 3150 1178 3192 nornen
1192 3138 1296 3215 pecu-

225 3235 303 3299 liare
332 3230 481 3312 adderet,
509 3247 541 3294 et
575 3231 718 3317 primum
745 3229 877 3319 quidem
907 3232 1080 3312 Varronis,
1111 3232 1296 3298 secundum

226 3341 399 3418 Hortensii,
412 3337 544 3401 tertium
564 3336 672 3402 Catuli
678 3386 687 3419 ,
702 3355 855 3426 quartum
870 3336 1011 3426 denique
1025 3336 1152 3402 Luculli
1160 3339 1298 3406 nomine

225 3444 436 3535 insignitum,
457 3441 527 3504 sine
542 3440 607 3505 nlla
626 3442 785 3530 probabili
807 3466 918 3522 causa,
937 3442 1058 3508 diceret
1073 3466 1081 3508 ε
1098 3461 1131 3507 et
1147 3444 1297 3511 Olivetus

226 3549 392 3617 Lucullum
416 3551 449 3612 in
469 3548 519 3611 bis
532 3541 680 3636 'quatuor
699 3549 806 3632 libris,
823 3551 897 3638 plns
917 3572 1015 3638 quam
1033 3550 1148 3631 semel,
1166 3549 1298 3616 disertis

226 3658 332 3724 verbis
350 3655 501 3720 ultimum
518 3672 666 3743 poneret.
682 3654 730 3719 Cf.
748 3656 817 3736 ejus
835 3657 1016 3720 versionem
1029 3656 1240 3720 Tusculanar.
1261 3658 1298 3739 1,

227 3790 264 3844 a,
286 3780 354 3828 not.
381 3761 416 3843 5,
440 3777 473 3825 et
492 3764 639 3825 eamdam
659 3760 748 3826 librr.
773 3760 813 3825 de
833 3763 908 3829 Nat.
932 3764 1030 3827 Deor.
1053 3765 1087 3836 Ι,
1115 3786 1143 3843 ι,
1166 3776 1238 3828 not.
1265 3762 1299 3829 3.

224 3871 391 3934 Ernestius
407 3866 543 3948 deinde,
559 3867 650 3955 qnasi
670 3865 814 3949 medius,
827 3867 989 3956 inscripsit
1004 3864 1136 3956 quidem
1151 3890 1169 3931 a
1186 3867 1302 3934 fronte

223 3973 411 4054 Lucullum,
428 3971 717 4037 «Academicorum
738 3971 963 4053 Quaestionum
983 3972 1065 4037 liber
1082 3971 1252 4038 secundus
1267 3998 1301 4056 ⁸3

111 4157 116 4165 .
223 4080 279 4146 sed
290 4078 397 4160 addit,
413 4109 426 4134 a
436 4101 495 4144 seu
506 4079 633 4166 potius,
645 4093 684 4141 ut
696 4098 772 4143 eum
788 4082 938 4144 numerat
952 4078 1098 4160 Nonius,
1113 4093 1251 4165 quartus
1265 4091 1301 4138 ..t
