2640 5214
479 368 808 441 INTRODUC'ITO.
1138 390 1177 439 rr

126 493 211 557 boui
224 489 389 581 excitatur,
406 511 483 572 nec,
504 506 620 578 praeter
638 491 776 574 Quintil.
798 489 922 555 mentio
942 489 1093 568 injicitur.
1117 490 1182 556 Sed

132 617 168 661 cx
183 594 323 675 hculh,
350 594 462 661 Catuli
483 597 561 660 olim
586 598 722 681 comite,
744 597 874 662 excitari
897 596 961 659 hoc
986 596 1063 660 satis
1087 616 1183 687 gmvo

136 717 340 792 trgnnentum
363 702 455 783 licet,
481 724 549 790 quo
567 702 618 767 vel
643 704 714 768 solo
741 719 807 768 tota
837 720 971 790 quoque
1000 701 1053 765 illu
1081 702 1181 766 trium

138 808 270 873 librorum
283 808 376 896 quasi
388 807 605 896 collapsurum
616 809 807 874 instauratio
818 808 853 871 in
865 823 967 873 semet
978 809 1047 896 ipsc
1057 806 1183 873 recidit.

141 912 235 1001 Sttpius
251 915 340 978 enirn
362 914 397 976 in
416 913 554 977 Lucullo
570 912 610 977 td
629 913 814 1002 pridianum
838 914 978 1002 aliquem
997 934 1182 977 sermonem

142 1018 249 1084 lectores
261 1018 491 1099 remittuntur3
505 1017 541 1080 in
557 1040 625 1106 quo
640 1020 791 1099 Catulus,
812 1028 828 1095 s
848 1023 905 1099 14,
926 1034 959 1082 et
976 1018 1182 1098 Hortensius,

143 1123 207 1202 §all
224 1139 255 1187 et
280 1144 341 1210 79,
368 1122 534 1187 derebus
562 1123 758 1210 quibusdem
788 1122 968 1188 arruntius
994 1121 1184 1187 disseruisse

145 1223 279 1310 dicunnrr,
295 1228 407 1315 quiin
426 1228 497 1317 ipso
515 1249 608 1315 pune
621 1242 708 1307 οοοοῑς
726 1238 867 1310 προσοίκοις
885 1227 1075 1293 accensendi
1094 1243 1182 1291 sunt.
1311 1216 1316 1223 ¹

145 1328 298 1397 lltrrmtur
307 1335 386 1398 item
399 1334 432 1397 in
443 1332 557 1398 eodem
575 1335 710 1398 uberius
728 1335 887 1422 exposita,
903 1354 976 1422 qute
994 1334 1028 1396 in
1046 1332 1183 1397 Lucullo

144 1436 219 1500 serbo
229 1437 327 1503 modo
339 1454 518 1527 tanguntur
528 1439 582 1502 vix
594 1439 656 1503 hac
667 1442 700 1502 in
716 1438 872 1503 brevitate
885 1438 945 1502 rite
957 1437 1182 1526 intelligenda:

142 1534 297 1631 dequibus
319 1543 472 1609 adhunc
494 1545 603 1633 ipsum
626 1545 745 1609 librum
769 1545 940 1634 separatim
964 1544 1181 1632 prolabimur.

141 1643 221 1712 lctus
242 1649 385 1737 denique
410 1649 512 1713 habiti
538 1650 698 1714 sermonis
721 1649 809 1730 ejus,
836 1665 869 1713 et
893 1670 1004 1724 scena,
1032 1647 1184 1713 distincto

143 1766 254 1818 nouur.
263 1756 341 1819 Haec
347 1754 458 1834 juncta
467 1755 495 1818 si
504 1754 577 1842 quis
589 1754 624 1817 in
637 1755 733 1818 meris
740 1754 857 1843 dialogi
869 1765 982 1835 οχοὶμοοο
995 1753 1184 1842 querenda,

142 1868 168 1915 et
178 1859 363 1923 exornationi
379 1859 497 1948 magis,
515 1880 613 1946 quam
628 1880 705 1923 vero
717 1859 924 1922 inservientia
940 1857 1074 1940 dixerit,
1092 1859 1183 1947 cogi·

142 1970 216 2025 hum
234 1963 286 2027 ille
302 1985 379 2027 sane
395 1964 544 2027 Ciceroni
564 1961 715 2041 injuriam
736 1964 898 2044 attulerit,
920 1984 1024 2050 quum
1047 1986 1097 2027 res
1115 1964 1184 2051 ipsa

140 2081 185 2129 tua
196 2086 305 2157 sponte
323 2069 434 2133 nescio
450 2068 530 2157 quid
546 2069 706 2131 absonum
721 2091 787 2155 pne
804 2091 839 2131 sc
855 2070 944 2132 ierat.
963 2070 1032 2150 Sic,
1049 2068 1183 2133 Lrtcttllo

139 2165 214 2237 diurn
221 2174 361 2261 aliquem
370 2173 490 2236 librum
501 2172 579 2237 olim
591 2172 691 2235 fuisse
700 2171 845 2235 additum
855 2219 863 2251 ,
875 2171 1005 2236 credere
1017 2175 1180 2262 cogimur:

139 2270 208 2343 lucc
223 2298 330 2345 autem
355 2280 475 2344 librum
499 2302 567 2367 quo
593 2279 701 2342 minus
729 2276 875 2341 Catulum
902 2294 1071 2364 putemus,
1094 2280 1183 2342 nulla

138 2399 247 2465 prorsus
267 2387 349 2450 ratio
367 2385 518 2474 impedit;
542 2385 720 2474 gravissimi
738 2384 848 2473 potius
867 2398 982 2463 testes,
1004 2384 1038 2445 in
1061 2384 1181 2472 quibus

138 2504 227 2554 tuctm
240 2493 309 2580 ipse
325 2507 390 2571 est,
401 2492 527 2571 jubent.

168 2598 269 2685 Atque
279 2598 324 2660 ita
334 2618 467 2684 quoque
482 2596 556 2676 isto,
567 2594 740 2658 Lucullum
753 2593 788 2656 in
799 2609 863 2656 tres
873 2593 973 2656 libros
985 2591 1181 2658 dissolvendi

134 2700 199 2763 tatio
213 2702 283 2789 ipsa
299 2700 495 2765 dissolvitur.
511 2699 542 2762 si
559 2700 644 2763 enim
662 2697 747 2761 binis
764 2697 851 2761 libris
870 2697 976 2785 priore
994 2697 1044 2760 illa
1058 2697 1182 2761 Acade·

131 2805 199 2870 nica
217 2806 592 2896 comprehendebantur,
611 2828 683 2892 quae
705 2803 837 2868 tandem
860 2826 954 2868 causa
977 2805 1181 2891 cogitabitur,

128 2911 405 2976 tursolusolterad
414 2913 482 2976 ltaec
491 2911 668 3000 posteriora
676 2910 846 2974 translatus
853 2908 1183 2998 puteturPDisplicuit
1226 2940 1234 2961 ι

126 3019 215 3104 prior.
229 3020 260 3083 N
263 3041 318 3082 um
331 3018 426 3082 etium
436 3018 529 3081 resin
541 3039 579 3081 eo
591 3015 785 3105 propositas?
795 3014 914 3102 quibus
924 3014 1021 3078 rebus
1032 3016 1182 3079 consulto

125 3124 335 3211 praetermissis
353 3125 465 3188 Cicero
479 3122 681 3187 obscuritatis
696 3123 823 3211 culpam
836 3121 868 3183 in
886 3143 956 3185 sese
973 3121 1182 3204 cumulasset,

122 3250 188 3316 quae
214 3251 304 3293 nunc
327 3229 480 3316 temporis
503 3227 632 3292 invidiae
657 3226 847 3314 imputanda
873 3242 939 3309 est,
967 3249 1048 3314 qua,
1075 3226 1183 3315 priore

121 3334 200 3399 libro
228 3334 418 3423 deperdito,
445 3351 495 3398 tot
521 3333 707 3421 posterioris
736 3332 814 3396 locis
842 3332 1006 3396 subtracta
1032 3333 1088 3395 lux
1116 3348 1183 3410 est,

120 3443 210 3523 cujus
234 3457 351 3529 egent,
378 3457 411 3504 et
440 3441 475 3504 in
501 3464 565 3529 qua
590 3458 679 3504 nunc
704 3438 924 3527 undequaque
952 3433 1183 3526 comportanda

119 3546 300 3635 interpretis
324 3567 422 3635 opera
447 3546 536 3610 haud
560 3569 675 3634 porum
702 3562 878 3610 exercetur.
903 3543 994 3609 Adde
1017 3540 1183 3622 Nonium,

119 3674 214 3740 quern
231 3667 370 3740 quotuor
383 3652 470 3716 libris·
487 3653 702 3740 posteriorum
718 3650 840 3717 Acadd.
857 3672 953 3714 usum
970 3668 1057 3726 esse,
1074 3646 1184 3734 negari

120 3759 275 3846 probabili
297 3760 423 3823 ratione
445 3760 566 3847 nequit.
594 3762 638 3823 At
659 3759 713 3822 hic
736 3782 775 3822 ex
799 3770 911 3845 quarto
937 3751 1090 3817 undecim
1112 3751 1183 3817 loca

119 3866 257 3949 profert,
275 3864 332 3952 qui
350 3864 462 3929 itidem
483 3867 516 3928 in
538 3866 691 3947 Lucullo,
713 3865 840 3952 qualem
863 3883 952 3924 nunc
973 3857 1184 3941 habemus,a

119 3970 190 4055 §67
206 3969 249 4033 od
270 3980 286 4046 ς
312 3969 371 4057 137
392 3993 496 4059 usque
515 3971 632 4060 possim
653 3970 815 4059 leguntur.
839 3967 925 4054 Ergo
946 3981 1079 4053 quartus
1103 3964 1184 4027 liber

120 4096 185 4137 non
207 4098 225 4139 t
248 4085 264 4151 ς
290 4098 349 4138 m
378 4078 517 4164 incipere
538 4078 663 4166 potuit,
685 4074 741 4139 scd
766 4090 853 4139 certe
873 4082 925 4148 as
947 4072 989 4159 67
1011 4069 1185 4159 ponendus
