2640 5214
467 365 747 435 usurario.
902 346 906 353 ’
1097 401 1144 448 1,

70 512 191 585 quum
212 500 248 557 et
269 490 463 583 quoniam,
486 501 554 556 aut
579 501 616 557 et
644 487 764 575 Ιιαιαὶ,
792 514 874 560 ntem
898 507 934 563 et
953 495 1067 586 tende,
1081 502 1147 571 mi·

69 618 191 687 sceat,
211 625 277 672 nec
292 625 377 671 raro
396 624 526 697 quom,
545 625 621 671 non
642 628 772 699 quum,
791 605 959 702 praebeat.

122 747 140 780 a
159 717 197 786 2⁰
219 714 452 804 Dresdensis,
480 741 634 787 numero
657 715 703 789 50
721 721 931 816 insignitus,
961 725 1025 820 qui
1060 729 1148 801 item

71 846 274 928 utrumque
294 827 427 901 librum
453 832 626 901 continet.

123 943 1010 1043 e3⁰Uffenbachianus,quimodoprimumlibrum
1020 951 1147 1046 habet;
1205 1040 1208 1045 ,

122 1059 191 1145 «40
202 1058 391 1129 Gudianus
408 1061 462 1143 11,
479 1061 542 1153 qni
562 1057 678 1128 solum
695 1060 906 1133 Lucullum:
921 1076 993 1135 tres
1011 1065 1048 1136 hi
1063 1068 1146 1141 libri

70 1177 148 1270 jam
167 1201 187 1244 a
202 1173 309 1244 nobis
328 1172 444 1243 notati
460 1174 574 1269 sunt(
600 1171 624 1266 ).

123 1321 139 1353 α
152 1287 187 1359 5·
208 1287 437 1383 Erlangensis
454 1288 491 1357 in
515 1285 734 1393 bibliotheca
747 1287 964 1362 vAcademica
985 1296 1146 1395 Erlangae

71 1417 289 1487 asservatur,
302 1399 418 1499 figura
434 1405 608 1486 maxima,
626 1426 780 1472 numero
796 1403 858 1490 38,
878 1419 914 1475 et
931 1424 1058 1503 praeter
1073 1417 1145 1484 Lu·

71 1519 231 1602 cullum,
251 1515 365 1586 libros
387 1515 431 1586 de
452 1513 621 1601 Finibus,
644 1515 689 1587 de
715 1519 851 1588 Natura
883 1524 1069 1612 Deorum,
1098 1526 1144 1600 de

70 1634 306 1704 Divinatione
316 1685 326 1718 ,
336 1628 381 1701 de
392 1627 550 1714 Officiis,
563 1635 751 1716 Catonem,
767 1632 936 1722 Laelium,
950 1638 1144 1732 Paradoxa,

69 1749 249 1818 Timarum
267 1746 349 1828 (hos
366 1760 526 1842 quatuor
542 1744 682 1817 libellos
697 1746 764 1816 alia
781 1772 910 1820 manus
932 1751 1147 1855 inscripsit),

70 1863 259 1933 orationes
272 1885 420 1957 quoque
430 1859 624 1930 nonnullas
636 1860 899 1958 complectitur.
909 1868 979 1956 Qui
992 1867 1073 1941 licet
1083 1897 1145 1947 soe-

70 1978 147 2049 culi
159 1982 226 2048 XV
233 1979 290 2063 sit,
299 1990 334 2047 et
350 1975 573 2060 chartaceus,
587 1989 708 2045 tamen
723 1975 847 2073 probae
864 1994 959 2050 notae
976 1981 1067 2056 liber
1079 2004 1145 2063 est.

120 2123 138 2157 α
152 2093 194 2162 6⁰
206 2090 511 2175 Wratislavieusis,
522 2089 836 2174 membranaceus,
851 2091 1080 2172 bibliothece
1093 2120 1147 2176 est

68 2207 361 2305 Redbigerianae,
376 2229 479 2302 aeque
500 2203 628 2275 saeculo
644 2209 709 2275 XV
726 2207 902 2301 scriptus,
922 2210 1145 2312 collatusqne

69 2321 183 2393 nobis
204 2324 467 2392 accuratissime
482 2317 726 2390 benivolentia
741 2318 980 2410 Schummeli,
1000 2326 1147 2402 illustris

107 2518 150 2584 (r)
165 2514 197 2564 ln
210 2511 363 2585 prelatione
376 2509 449 2561 librr.
462 2507 496 2560 de
505 2507 632 2578 Legibus,
653 2507 699 2559 nbi
714 2507 751 2560 sic
764 2506 967 2562 describuntur:

108 2628 121 2648 ι
131 2599 269 2654 Gudianus
279 2601 317 2664 ll,
327 2597 438 2650 Membr.
446 2595 666 2666 Corruptissimus
677 2595 720 2646 illc
727 2593 835 2666 quidem
846 2608 899 2658 est,
911 2597 958 2650 sed
971 2600 1047 2654 bonis
1057 2603 1148 2661 lectio·

70 2692 151 2742 nrlrns
177 2691 309 2760 frequens.
328 2686 482 2740 Aecnrntius
495 2684 656 2756 descriptum
668 2682 731 2735 vide
744 2683 771 2735 in
784 2681 900 2737 editione
913 2686 1070 2744 Officiorum
1086 2696 1145 2752 Cic,

70 2800 155 2852 quarn
170 2777 325 2847 Hensiogcri
338 2789 474 2840 curarunt,
484 2775 558 2829 Praei.
570 2793 596 2846 p.
608 2773 684 2837 XVI,
696 2790 770 2843 seqq.
784 2771 829 2823 ubi
837 2777 932 2837 prunus
947 2780 1049 2846 Guehrh.
1062 2783 1144 2836 sudis,

74 2870 113 2921 Ex
127 2867 274 2938 archetypo
291 2866 337 2917 ille
350 2865 469 2918 manavit
490 2862 561 2916 baud
583 2860 666 2914 dubie
677 2860 877 2932 antiquissimo:
892 2881 953 2915 nam
968 2868 1075 2937 saepius,
1097 2890 1146 2942 pro

73 2963 142 3025 cnjus
152 2995 161 3021 ‚
173 2960 276 3023 quojas,
292 2953 347 3005 lere
359 2970 461 3023 semper
474 2955 537 3002 idem
550 2969 599 3021 pro
613 2952 698 3009 iidem,
712 2960 763 3002 eto.
775 2947 892 3001 exhibet.
911 2950 1035 3006 Ceterum
1049 2959 1147 3012 rectius

11 3080 14 3085 -
75 3065 136 3098 eum
150 3045 247 3097 saeculo
261 3042 329 3094 xm
343 3041 462 3105 exeunti,
479 3057 558 3111 quam
574 3038 692 3102 ineunti,
709 3034 847 3093 addixeris,
859 3055 942 3106 quum
957 3043 1103 3098 crebriores
1116 3047 1148 3099 li-

76 3136 159 3186 neolae
176 3151 255 3204 supra
269 3134 292 3190 ι’,
310 3131 442 3202 pluraque
455 3124 610 3199 compendia
626 3127 653 3177 in
667 3145 698 3177 eo
712 3124 893 3194 reperiantur,
919 3144 999 3196 quem
1016 3133 1101 3185 solent
1119 3133 1147 3187 in

77 3222 167 3292 paullo
180 3218 375 3272 vetustioribus.

111 3308 286 3362 «Dresdensis
299 3307 344 3369 ΙΙ,
363 3305 475 3357 Membr.
491 3305 576 3356 forma
589 3300 710 3372 quadra,
723 3299 792 3351 solos
810 3298 858 3350 hos
872 3299 953 3354 libros
970 3308 1144 3377 comprehen.

76 3400 158 3462 dens,
173 3397 327 3448 charactere
341 3410 453 3445 romano
475 3391 571 3461 magis,
586 3408 665 3461 quam
678 3388 800 3439 Gothico.
812 3389 926 3440 AEtatenr
941 3389 974 3443 ud
989 3392 1041 3444 XV
1055 3397 1146 3448 saculi

78 3487 183 3537 initium
197 3486 345 3547 retulerim,
356 3481 508 3535 membrana
518 3479 686 3531 vetustiorem
697 3477 942 3551 mentiente3qnale
954 3481 1049 3552 sepius
1060 3484 1144 3535 anim·

78 3574 214 3628 advertere
225 3575 287 3626 licet
297 3592 304 3626 :
316 3571 362 3626 sed
375 3590 405 3624 ex
419 3569 528 3640 urstiquo
539 3566 612 3620 hand
625 3567 706 3619 dubie
718 3567 862 3638 exemplari
875 3569 1024 3638 descriptus
1033 3582 1079 3624 est.
1089 3571 1144 3624 Ali.

78 3665 180 3739 quoties
197 3663 268 3716 enim
287 3663 387 3734 prebet
405 3663 491 3727 qnojus
509 3675 560 3728 pro
578 3657 664 3722 cujrts,
691 3654 763 3708 haud
782 3655 817 3708 ita
835 3677 897 3711 raro
915 3677 987 3724 quom
1009 3676 1058 3726 pro
1072 3678 1145 3722 cum,-

79 3754 174 3826 ubique
186 3753 257 3811 lere,
270 3769 332 3804 cum
346 3745 572 3818 precedentibus,
589 3747 679 3814 Grajus
693 3761 742 3813 pro
753 3747 842 3805 Caius,
855 3757 904 3796 etc.
922 3741 1061 3794 scribendi
1078 3747 1146 3802 notis

80 3841 158 3892 utitur
170 3839 324 3891 rarioribus.
340 3836 418 3887 Bonae
434 3844 502 3884 note
515 3832 592 3893 liber,
606 3848 718 3881 numero
731 3830 898 3900 dignoscitur
909 3828 965 3880 151.

112 3925 345 3985 -Uttenbacensir,
361 3922 479 3976 melioris
489 3932 557 3972 note
567 3917 658 3978 codex,
670 3916 716 3970 sed
725 3919 752 3970 in
762 3919 803 3970 his
812 3918 884 3970 libris
896 3931 948 3969 tam
956 3920 1024 3971 male
1032 3920 1145 3994 lacerus,

81 4019 113 4070 its
127 4015 245 4070 evanidis
256 4013 356 4078 literis,
374 4024 404 4064 ut
416 4011 443 4062 io
455 4007 600 4063 admodum
613 4007 706 4078 paucis
718 4023 794 4058 usum
807 4004 885 4056 nobis
899 4004 1016 4078 aliquem
1028 4011 1146 4079 prebere

80 4120 170 4177 proruet.
181 4103 340 4159 decusatim
349 4119 410 4154 eum
422 4099 486 4152 alibi
494 4096 743 4165 notabimus,qunm
754 4093 831 4164 plura
840 4092 1085 4166 philosophicorum
1098 4102 1144 4155 Ci.

80 4197 175 4249 ceronis
189 4194 336 4249 condunt.
345 4214 358 4236 ·
