2640 5214
132 795 179 849 ra,
354 771 405 843 IN
427 771 670 845 CICERONIS
694 771 963 843 ACADEMICA

127 907 211 974 erat,
224 907 298 956 ante
310 914 408 979 quam
420 902 435 967 s
446 914 546 979 parvo
555 893 723 958 intervallo
732 893 816 958 tertii
827 893 902 961 libri
912 892 1043 956 initium
1054 908 1212 959 statuere

124 997 288 1078 jubemur.
310 997 513 1078 Omittimus,
530 998 610 1086 quid
626 998 666 1063 de
682 999 796 1064 ceteris
814 992 932 1062 illis'ex
947 1000 979 1065 ll
996 1015 1029 1063 et
1047 1000 1097 1063 111
1114 999 1211 1064 libro

126 1102 214 1191 apud
227 1102 392 1179 Nonium,
408 1104 568 1190 aliosque,
585 1105 771 1195 fragmentis
786 1103 995 1170 statuendum
1009 1105 1065 1185 sit,
1084 1120 1117 1169 et
1133 1105 1207 1170 hoc

126 1210 236 1298 potius
251 1208 468 1297 adjungimus.
492 1211 525 1274 Si
542 1211 593 1275 vel
613 1212 646 1275 in
667 1210 804 1276 Lucullo
824 1227 889 1276 tres
908 1211 980 1275 illos
997 1211 1099 1274 libros
1116 1233 1203 1275 con·

127 1328 232 1379 cretos
241 1314 502 1401 putatis3tamen
513 1337 556 1379 ne
564 1315 610 1379 sic
619 1315 762 1404 integros
771 1314 812 1383 ad
822 1338 882 1380 nos
892 1315 1031 1403 perlatos
1042 1315 1202 1379 habebis:

126 1440 203 1481 nam
218 1433 304 1484 certe
314 1439 428 1481 eorum
443 1420 598 1506 prooemia
610 1419 849 1501 desideramus,
863 1442 935 1506 quae
946 1419 997 1482 his
1009 1441 1028 1482 a
1039 1419 1200 1484 Cicerone

125 1544 202 1587 vere
223 1521 331 1586 addita
354 1522 453 1587 fuisse
477 1525 644 1589 manifeste
662 1525 754 1588 locus
774 1524 908 1612 probat,
932 1523 966 1586 in
987 1546 1053 1611 quo
1074 1525 1196 1588 mirum

126 1627 191 1692 hoc
213 1627 255 1692 de
277 1650 311 1692 se
335 1629 448 1693 Cicero
471 1630 643 1694 oblivionis
664 1630 858 1717 exemplum.
883 1632 949 1693 Att.
967 1630 1060 1705 XVI,
1085 1652 1136 1717 ep.
1154 1630 1195 1694 6:

126 1764 140 1792 ι
151 1732 183 1797 N
185 1756 249 1797 unc
266 1734 491 1824 negligentiam
511 1759 615 1799 meam
632 1758 803 1824 cognosce.
821 1737 870 1798 Dc
889 1731 1000 1801 Gloria
1016 1735 1137 1799 librum
1155 1735 1195 1800 ad

126 1856 159 1903 te
181 1839 282 1903 misi:
304 1856 337 1905 at
359 1840 393 1902 in
418 1863 457 1904 eo
478 1841 672 1929 prooemium
695 1840 813 1923 idest,
839 1840 928 1929 quod
951 1841 984 1903 in
1003 1839 1194 1905 Academico

126 1945 222 2008 tertio
234 1976 256 2008 ν.
278 1945 419 2008 Ubinam
442 1946 540 2034 igitur
562 1946 626 2010 boc
645 1949 729 2009 tertii
748 1946 823 2010 libri
840 1944 959 2010 Acadd.
979 1946 1196 2034 prooemium?

125 2048 183 2110 ubi
195 2072 231 2111 ea
242 2049 465 2137 reliquorum?
480 2051 641 2138 Denique,
653 2067 691 2114 ut
702 2050 751 2133 id,
762 2051 828 2114 huc
841 2066 1018 2132 servatum,
1030 2049 1194 2132 adjiciam,

125 2177 239 2241 parum
248 2177 393 2219 consona
406 2157 487 2219 ratio
504 2172 568 2238 est,
585 2154 804 2244 quod,quum
823 2156 988 2220 Ciceronis
1002 2156 1191 2230 consilium,

124 2290 138 2314 ι
149 2276 249 2324 totam
264 2259 469 2324 Academiam
485 2259 527 2325 ad
538 2259 718 2326 Varronem
738 2260 966 2344 traducendi»,
985 2278 1021 2325 ut
1036 2284 1095 2349 par
1110 2277 1194 2343 erat,
1230 2284 1235 2291 ’

126 2367 370 2449 concederetur,
384 2384 492 2432 tamen
511 2368 597 2433 idem
613 2370 746 2432 nomina
762 2370 1017 2457 colloquentium
1031 2370 1065 2432 in
1081 2371 1197 2433 ceteris

125 2470 229 2536 tribus
250 2472 340 2536 libris
362 2471 475 2536 eadem
496 2474 676 2562 reposuisse
700 2472 843 2555 dicatur,
864 2474 983 2562 quibus
1007 2474 1097 2562 prius
1116 2496 1196 2537 usus

126 2593 219 2642 esset.
245 2578 277 2640 Is
299 2577 436 2660 scilicet,
461 2579 518 2665 qui
541 2579 624 2642 hanc
647 2580 748 2643 solam
771 2602 900 2643 causam
925 2579 1049 2666 ubique
1072 2601 1139 2667 prae
1162 2601 1197 2642 se

37 2715 47 2739 ι
126 2682 205 2762 fert,
219 2704 277 2747 cur
291 2683 351 2746 sibi
366 2683 440 2747 libri
454 2684 499 2747 illi
514 2683 720 2772 displiceant;
734 2686 791 2770 qui
806 2683 880 2747 ideo
894 2683 958 2762 jam
973 2699 1048 2746 ante
1061 2683 1196 2747 eosdem

27 2800 30 2805 ’
125 2786 166 2851 ad
188 2789 345 2851 Catonem
368 2805 401 2850 et
420 2791 555 2850 Brutum
581 2788 803 2869 transtulerat,
825 2787 912 2877 apud
932 2811 1031 2875 quem
1054 2786 1198 2875 denique

125 2914 305 2978 nusquam,
325 2890 414 2953 unde
436 2907 596 2955 mutatum
613 2893 784 2956 consilium
804 2894 972 2973 conjicias,
997 2915 1039 2956 nc
1056 2893 1197 2957 verbum

126 2992 275 3081 quidem!
304 2995 525 3059 Certissimum
550 2997 659 3085 potius
685 3013 754 3079 est,
782 3021 839 3086 per
866 3021 979 3062 omnes
1006 2999 1067 3062 bos
1095 2998 1197 3062 libros

126 3098 279 3163 Varronis
308 3117 414 3187 partes
444 3100 542 3164 fuisse
573 3104 749 3190 primarias.
784 3104 868 3167 Nam
900 3120 1065 3168 auctorem
1092 3118 1197 3167 totam

127 3203 333 3268 Academiam
359 3204 512 3270 adhunc
536 3209 709 3273 transferre
732 3232 799 3272 non
826 3210 932 3273 solum
953 3209 1110 3289 voluisse,
1138 3207 1198 3273 sed

127 3308 213 3374 idem
229 3310 325 3375 etiam
346 3311 534 3398 perfecisse,
556 3336 594 3377 ex
617 3336 657 3378 eo
677 3316 799 3401 clarum
821 3330 886 3395 est,
905 3313 1013 3401 quod,
1032 3314 1198 3401 descripto

124 3417 191 3496 jam
205 3417 394 3504 exemplari,
411 3416 500 3505 quod
516 3417 557 3482 ad
569 3419 749 3484 Varronem
764 3420 945 3484 mitteretur
959 3419 1025 3507 (cf.
1042 3444 1092 3508 ep.
1114 3418 1157 3483 23
1168 3420 1198 3506 );

52 3563 54 3568 ,
128 3522 174 3585 sic
192 3520 278 3586 idem
296 3520 338 3586 dc
356 3521 471 3586 eodem
490 3545 539 3610 ep.
559 3525 620 3589 25:
640 3527 711 3588 «lta
731 3547 814 3612 saepe
831 3525 910 3587 mihi
928 3526 1070 3589 occurrit
1084 3525 1199 3589 vultus

128 3629 214 3712 ejus,
235 3631 398 3716 querentis
415 3630 550 3693 fortasse
570 3632 621 3694 vel
644 3631 729 3712 haec,
746 3655 832 3695 meas
856 3648 960 3719 partes
983 3636 1198 3709 (ἀκαταληψίας)

125 3737 160 3800 in
175 3736 224 3799 his
238 3735 327 3799 libris
341 3736 501 3823 copiosius
519 3734 664 3801 defensas
678 3759 763 3817 esse,
776 3760 874 3826 quam
891 3760 964 3801 suas
978 3744 1164 3814 (καταλαψίας)
1173 3766 1196 3799 υ.

127 3843 175 3907 Cf.
202 3864 252 3930 ep.
279 3862 329 3926 ¹9·
358 3839 538 3903 Confirmat
562 3841 648 3906 idem
665 3843 756 3906 locus
780 3865 819 3906 ex
841 3841 960 3907 Acadd.
991 3866 1009 3906 a
1032 3843 1198 3910 Martiano

128 3945 265 4037 Capella,
281 3945 321 4028 V,
337 3970 369 4034 p.
395 3945 473 4027 168,
495 3945 642 4011 laudatus
657 3971 665 4011 τ
679 3964 701 4003 ἀ
712 3949 827 4012 Latent
847 3948 907 4012 ista
928 3948 1055 4028 omnia,
1072 3949 1198 4033 Varro,

128 4052 251 4141 magnis
275 4050 446 4116 obscurata
468 4067 501 4114 et
520 4052 714 4116 circumfusa
739 4052 919 4135 tenebris»,
944 4053 999 4139 qui
1021 4069 1131 4139 aperte
1151 4057 1199 4120 sic

128 4180 168 4221 ex
185 4159 309 4223 Lucull.
334 4158 392 4245 39,
416 4180 492 4240 122,
516 4159 682 4224 traductus
703 4177 771 4243 est,
796 4176 832 4223 ut
854 4159 984 4224 Luculli
1003 4160 1072 4224 ricc
1090 4183 1108 4224 a
1127 4164 1198 4227 Cic.

132 4262 236 4326 Varro
251 4281 438 4351 poneretur.

172 4369 220 4431 lta
240 4368 372 4454 quidem
392 4393 432 4434 ex
454 4372 511 4453 iis,
533 4393 604 4460 quae
623 4371 828 4452 monuimus,
849 4372 913 4435 hoc
929 4386 1039 4459 patere
1054 4370 1198 4456 videtur,

128 4476 221 4539 istam
236 4477 426 4540 sententiam
447 4479 488 4542 ab
507 4478 597 4544 omni
613 4494 702 4566 parte
717 4479 878 4562 vacillare,
894 4501 1000 4566 neque
1017 4477 1059 4542 de
1075 4500 1143 4542 una
1164 4496 1200 4545 et
