2678 4800
360 380 399 450 P.
425 376 667 450 VALENTIAE
692 378 970 450 ACADEMICA.
1156 382 1202 457 33

132 507 215 570 zeno
236 502 364 592 opinari
386 501 590 590 prohiberet,
614 503 772 567 Arcesilas
787 502 915 567 'merito
937 504 1082 568 assentiri
1104 505 1201 573 etiarn

130 611 237 676 vetuit.
253 610 339 674 Nam
354 608 395 672 de
410 610 620 697 corporibus,
634 609 668 673 id
681 626 746 692 est,
760 632 828 674 non
843 611 926 676 veris
937 611 1054 693 rebus,
1071 613 1201 701 opinio,
1297 682 1302 693 .

131 740 193 782 non
215 715 350 780 scientia
374 731 431 778 aut
455 737 528 779 vera
554 717 822 804 comprehensio,
848 733 906 782 est.
933 717 1099 782 Platonica
1124 742 1202 809 ergo

131 822 297 912 dogmata,
316 819 583 886 Academicorum
600 821 727 887 decreta
746 824 844 887 luisse
860 824 1063 913 Augustinus
1076 824 1123 912 (ι)
1141 825 1203 890 sibi

130 927 304 1016 persuasit,
328 949 400 1014 quae
426 942 534 990 tamen
556 927 617 1014 ipsi
638 927 796 1010 celarent,
822 959 835 984 ιι
848 951 925 1009 nec,
948 945 987 993 ut
1009 930 1202 995 Ciceronem

132 1033 293 1122 scripsisse
304 1047 451 1114 testatur,
466 1055 503 1096 ea
520 1033 644 1120 aperire
656 1034 798 1098 solerent
808 1035 894 1115 aliis,
908 1057 1006 1122 quam
1019 1036 1077 1124 qui
1091 1058 1202 1100 secum

132 1137 169 1202 ad
192 1151 399 1202 senectutem
427 1159 531 1224 usque
554 1136 749 1201 vixissent».
777 1138 899 1201 Verum
921 1138 1087 1203 enimvero
1110 1163 1204 1204 novae

134 1242 312 1307 Academiae
320 1242 481 1306 rationem
492 1243 691 1322 universam,
703 1265 806 1332 quum
816 1243 857 1307 ad
868 1243 1203 1325 Carneadem‚verum

133 1349 197 1428 ejus
211 1363 400 1428 auctorem,
417 1364 553 1411 ventum
566 1349 683 1429 fuerit,
700 1348 939 1413 describemus:
953 1371 1092 1436 namque
1104 1350 1204 1415 Arce&

132 1452 219 1517 silam
236 1452 285 1541 (a)
302 1474 431 1515 merum
441 1452 663 1540 Pyrrhonium
684 1453 746 1516 sub
758 1452 941 1517 Academici
959 1455 1092 1519 nomine
1105 1456 1205 1520 fuisse

129 1557 276 1647 plerique
291 1578 406 1620 omnes
427 1555 640 1621 tradiderunt.
665 1556 779 1621 Sextus
792 1557 838 1644 (3)
856 1579 1005 1645 magnam
1025 1558 1085 1623 sibi
1102 1558 1206 1624 videri

132 1666 252 1730 habere
259 1663 434 1727 Arcesilam
443 1686 517 1728 curn
529 1664 789 1752 Pyrrhoniorum
798 1665 904 1730 verbis
917 1664 1106 1730 affinitatem
1116 1665 1204 1750 dicit,

131 1772 175 1837 ita
189 1787 229 1836 ut
246 1770 359 1835 eadem
377 1769 616 1858 propemodum
634 1770 803 1859 disciplina
821 1770 888 1849 ejus
907 1772 948 1835 sit
962 1793 999 1835 ac
1018 1771 1206 1860 Pyrrhonis.

133 1876 319 1943 Numenius
340 1874 428 1964 apud
447 1876 624 1940 Eusebium
637 1875 704 1963 (4),
727 1877 900 1941 Arcesilam
920 1894 952 1941 et
973 1879 1153 1960 Crantoris,
1173 1893 1207 1943 et

132 1979 674 2070 TheophrastiDiodorique,atque
681 1981 857 2070 Pyrrhonis
867 1982 1032 2072 disciplina
1041 1985 1206 2050 imbutum

133 2107 166 2154 et
178 2105 341 2153 armatum
356 2086 398 2150 ad
413 2086 629 2176 pugnandum
644 2109 720 2150 cum
738 2091 869 2152 Zenone
881 2087 927 2175 (5)
937 2091 1122 2169 accessisse,
1133 2093 1209 2155 scri·

132 2197 199 2277 bit;
215 2216 347 2275 verum,
363 2210 480 2281 praeter
495 2209 753 2282 cognomentum
773 2192 969 2274 Academici,
987 2194 1207 2283 Pyrrhonium

132 2323 368 2391 perseverasse:
379 2299 543 2363 «Mnaseas
553 2322 642 2388 ergo,
652 2298 962 2386 inquitNumenius,
970 2314 1003 2362 et
1010 2300 1208 2366 Philomelus

133 2407 273 2473 et'l'imo
282 2406 435 2495 Sceptici‚
444 2405 628 2495 Scepticum
638 2427 714 2469 eum
724 2404 973 2494 cognominant,
985 2406 1096 2493 quales
1105 2421 1138 2469 et
1146 2406 1208 2494 ipsi

135 2529 240 2595 erant,
247 2513 304 2600 qui
318 2513 414 2576 etiam
428 2512 497 2599 ipsc
508 2534 622 2574 verum
635 2526 667 2574 et
680 2510 816 2586 falsum,
829 2525 861 2574 et
870 2509 1038 2598 probabile
1051 2511 1209 2576 tolleret».

135 2618 326 2683 Academici
358 2632 467 2680 autem
502 2614 822 2704 cognominationem
855 2631 988 2703 propter
1023 2615 1208 2691 Polemonis

137 2725 281 2813 magistri
292 2721 522 2802 reverentiam,
536 2720 707 2784 retinuisse
720 2719 829 2803 illum,
845 2720 1027 2785 Numenius
1044 2723 1097 2786 ait.
1114 2723 1210 2786 Nam·

137 2852 204 2917 que
218 2829 269 2910 ei,
283 2825 373 2916 quod
385 2826 513 2890 Diocles
529 2823 668 2889 Gnidius
680 2825 713 2887 in
730 2823 875 2888 diatribis
891 2829 1049 2918 scriptum
1064 2827 1209 2914 reliquit,

139 2934 275 2998 minime
301 2956 336 2997 se
359 2929 616 3011 fidemhabere3
641 2928 781 2993 scribere
802 2953 880 2994 vero
902 2931 1012 3013 illum,
1038 2932 1211 2997 Arcesilam

139 3040 200 3106 sibi
217 3054 383 3104 caventem
401 3053 492 3101 metu
505 3034 782 3100 'lhcodoraeorum
800 3037 1019 3124 sophistarum
1032 3060 1069 3101 ac
1084 3037 1211 3121 Bionis,
1293 3096 1297 3105 .

140 3146 198 3234 qui
214 3145 325 3209 omnia
336 3143 483 3207 omnium
496 3141 768 3230 philosophorum
781 3139 909 3205 decreta
920 3142 1010 3207 nullo
1025 3143 1211 3209 discrimine

141 3254 373 3342 impugnarent
382 3271 420 3312 ac
430 3247 637 3337 pertinaciter
648 3247 820 3328 instarent,
832 3249 960 3312 nullum
976 3248 1094 3338 dogma
1105 3250 1211 3337 palam

141 3374 284 3423 statuere
299 3377 432 3435 ausum,
447 3346 504 3418 sed
522 3353 663 3440 epoche,
681 3367 719 3415 ut
734 3354 905 3417 atramenti
921 3353 1082 3418 effusione
1098 3356 1210 3442 sepiae,

141 3488 212 3529 sese
221 3464 416 3544 occultasse,
429 3477 461 3525 et
473 3477 583 3525 tutum
600 3459 784 3524 delitescere
797 3461 948 3526 voluisse.
960 3461 1062 3545 Quin,
1076 3460 1213 3553 egquod

141 3571 256 3636 Cicero
272 3569 341 3658 ipse
358 3567 399 3632 de
412 3590 451 3631 co
466 3566 607 3657 scripsit,
625 3566 774 3654 Sceptico
789 3567 889 3655 magis
907 3590 1006 3654 quam
1021 3565 1214 3631 Academico

177 3757 218 3824 (r)
238 3758 329 3806 Contra
343 3754 420 3804 Acad.
430 3755 481 3813 Ill,
494 3770 548 3818 cap.
561 3768 605 3813 ao,
618 3750 633 3817 §
645 3753 692 3813 43,
705 3764 765 3801 tom.
776 3756 795 3800 l.

179 3846 218 3910 (a)
239 3843 358 3893 Arcesilas
371 3843 522 3909 Pyrrhonius
536 3841 658 3906 plerisque
671 3841 784 3890 habetur.
798 3843 914 3890 vrum.

178 3934 218 3999 (3)
233 3935 396 3998 ΔΗηωτῃκη.
408 3935 436 3991 1,
448 3932 501 3989 33,
514 3941 573 3978 sect.
584 3930 648 3989 ada,
664 3945 718 3995 pag.
729 3931 772 3977 or.

178 4019 218 4088 (a)
237 4023 318 4085 Praep.
329 4021 374 4068 Ev.
385 4019 429 4067 lib.
442 4021 512 4078 xlv,
526 4034 580 4083 cap.
592 4018 617 4079 5,
632 4032 690 4082 pag.
700 4033 765 4080 729,
784 4027 808 4063 et
823 4032 877 4080 cap.
888 4014 918 4074 o,
931 4031 987 4081 pag.
1006 4019 1070 4079 731,
1083 4019 1108 4066 h.

179 4108 221 4172 (5)
240 4107 304 4155 Vide
317 4105 453 4167 laertium,
467 4119 522 4170 pag.
533 4104 578 4163 dr,
592 4103 618 4151 in
631 4101 753 4161 Arcesila,
768 4101 811 4150 lib.
823 4103 870 4162 IV,
883 4118 938 4166 pag.
949 4113 1000 4161 ast
1010 4114 1034 4152 et
1044 4120 1094 4169 seq.

220 4197 248 4263 Ι,
265 4209 310 4255 ca.
320 4224 375 4270 pm
391 4208 464 4252 tertia.
1076 4191 1097 4262 3
