2640 5214
400 375 734 447 INTRODUCTIO.
1081 375 1100 445 5

69 501 170 565 fortasse
181 499 230 563 vel
245 496 325 579 hoc,
343 519 430 561 meas
448 514 553 586 partes
566 497 601 562 in
618 499 657 563 iis
671 497 760 562 libris
776 497 940 586 copiosius
956 497 1102 563 defensas

67 626 129 681 esse,
140 626 231 694 quam
244 625 320 667 suas
333 625 342 668 t
360 601 449 690 quod
461 602 646 668 mehercule
659 626 726 667 non
742 623 811 666 esse
825 603 1027 692 intelliges...
1046 601 1104 668 sed

65 722 146 773 tanen
161 730 221 797 ego
238 729 308 770 non
324 705 461 794 despero
479 707 653 795 probatum
670 707 709 770 iri
724 706 906 771 Varroni...
927 705 990 772 Sed
1007 708 1102 771 etiam

62 829 135 902 atque
147 814 242 883 etiam
257 811 349 894 dioo,
368 828 428 876 tuo
445 812 590 900 periculo
608 812 673 877 fiet.
687 813 796 895 Quare
812 813 839 876 si
857 810 1044 895 addubitas,
1061 812 1103 877 ad

61 921 171 985 Brutum
197 935 416 999 transeamus3
446 935 495 983 est
521 920 607 983 enim
635 919 662 983 is
690 941 824 1008 quoque
845 918 1046 982 Antiochius.
1073 920 1103 983 Ο

60 1025 240 1091 Audemiatu
254 1025 441 1107 volaticam,
464 1040 497 1087 et
519 1025 569 1091 sui
592 1025 748 1105 similem,
772 1022 871 1087 modo
892 1023 976 1106 huc,
1001 1024 1102 1089 modo

59 1131 156 1194 ilus!-
171 1131 231 1219 Ep.
257 1128 325 1193 35:
349 1128 530 1210 «Varroni,
559 1129 689 1210 scribis,
720 1144 767 1210 te,
790 1128 887 1193 simul
915 1151 953 1192 ac
978 1131 1104 1211 venerit

60 1233 191 1324 (supplet
208 1234 308 1297 libros
325 1255 415 1297 meos
432 1232 585 1297 daturum
603 1233 702 1320 esse).
721 1233 795 1297 Dati
810 1233 909 1322 igitur
924 1235 991 1314 jam
1008 1252 1103 1317 sunt3

59 1361 102 1404 net
114 1340 168 1404 tibi
184 1340 350 1427 integrum
367 1353 435 1402 est:
449 1337 524 1419 bui,
540 1339 567 1402 si
583 1339 678 1420 scias,
696 1353 820 1425 quanto
838 1339 983 1426 periculo
1002 1342 1079 1404 tuo!
1092 1372 1105 1395 u

59 1442 184 1532 Denique
196 1466 247 1532 ep.
260 1446 321 1523 44:
336 1472 349 1499 ι
358 1444 412 1507 Tu
424 1458 530 1506 tamen
543 1465 639 1507 ausus
651 1465 685 1507 es
693 1441 831 1506 Varroni
845 1441 943 1507 dare?
954 1460 1105 1532 exspecto

59 1549 117 1635 quid
122 1548 247 1631 judicet
259 1572 267 1612 :
281 1546 413 1636 quando
424 1564 532 1612 autem
547 1548 730 1637 perlegetl»
742 1549 911 1612 Postremo
924 1549 996 1612 loco
1012 1549 1105 1613 addi·

60 1675 112 1719 mus
128 1678 166 1720 ex
181 1653 284 1735 ejusd.
301 1653 375 1718 libri
391 1677 441 1742 ep.
460 1653 520 1718 32:
540 1656 747 1742 «Torquatus
765 1655 806 1740 (i.
825 1678 852 1719 e.
871 1653 981 1718 liberi
998 1652 1038 1718 de
1054 1655 1105 1719 Fi·

60 1758 271 1848 uibus)llontae
282 1777 346 1824 est:
352 1760 432 1840 jussi
444 1776 482 1824 ut
496 1759 555 1824 tibi
562 1758 702 1824 daretur.
713 1760 866 1824 Catulum
881 1775 913 1824 et
920 1759 1105 1843 Lucullum,
1162 1746 1168 1756 ⁴

60 1879 86 1928 ut
95 1866 222 1953 opinor,
240 1879 332 1928 antea
344 1863 518 1953 (accepisti
530 1865 562 1952 ):
580 1865 738 1950 hislibris
756 1888 840 1929 nova
855 1867 1011 1954 prooernia
1029 1880 1106 1930 sunt

59 1967 296 2058 addita„quibus
309 1992 424 2034 eorum
442 1985 581 2056 uterque
596 1970 746 2037 laudatur
759 2002 782 2036 u.

89 2076 157 2141 Hoc
172 2073 305 2164 quidem
329 2077 416 2158 loca,
431 2090 645 2165 praeterquam
667 2075 773 2162 quod,
795 2077 828 2139 in
852 2099 957 2141 unum
974 2078 1105 2159 collata,

60 2178 164 2251 lectoris
196 2180 358 2262 judicium
387 2180 542 2261 adiuvant
571 2197 603 2244 et
632 2178 795 2268 dirigunt,
821 2197 941 2244 sortem
973 2204 1105 2269 quoque

60 2284 308 2353 Academicorum
334 2286 508 2367 librorum,
535 2308 632 2374 quam
660 2285 700 2349 ab
728 2285 799 2374 ipso
827 2302 959 2349 auctore
984 2287 1105 2374 experti

59 2409 132 2475 tunt,
150 2409 184 2459 et
203 2392 268 2457 fata
285 2393 455 2462 continent
470 2414 478 2464 ;
496 2407 533 2456 ut
549 2407 635 2460 recte
654 2414 768 2457 eorum
788 2390 920 2455 uberius
938 2406 1107 2480 excerpto-

59 2516 114 2561 rum
126 2500 252 2568 veniatu
268 2520 395 2586 sperare
412 2519 506 2585 posse
522 2513 686 2585 putemus.

88 2606 130 2678 Ex
150 2606 201 2670 his
223 2605 323 2694 igitur
340 2605 418 2669 locis
441 2606 647 2693 interpretes,
668 2606 733 2685 jam
755 2606 894 2669 aTalaeo
914 2603 990 2668 inde
1011 2605 1104 2692 (vid.

58 2711 129 2797 epist
153 2711 291 2775 dedicat.
311 2709 352 2774 ad
368 2711 437 2801 ejus
453 2710 609 2774 Proeleott.
631 2711 664 2774 in
681 2710 746 2773 Cic.
758 2706 877 2774 Acadd.
888 2708 917 2790 l,
940 2707 1103 2797 duplicem

58 2813 205 2880 Ciceronis
218 2813 485 2878 Academicorum
500 2812 675 2877 editionem
689 2829 854 2878 statuunt:
871 2814 1002 2877 alteram
1018 2814 1105 2877 illam
1188 2896 1194 2906 Ι

56 2916 193 2985 binorum
212 2919 390 3002 librorum,
412 2917 468 2983 sed
492 2920 534 2981 ob
554 2941 767 3004 personarum
790 2920 1045 3005 colloquentium
1072 2921 1105 2983 in

56 3037 127 3090 tauta
143 3048 256 3090 rerum
272 3024 447 3089 subtilitate
464 3033 591 3103 ἀτριψίαν,
607 3023 730 3087 auctori
745 3039 856 3110 postea
870 3024 1104 3111 improbatam:

54 3130 170 3196 alteram
192 3131 276 3194 hanc
301 3146 441 3217 quatuor
465 3128 640 3210 librorum,
666 3128 711 3192 ita
734 3129 903 3216 scriptam,
930 3143 967 3191 ut
991 3130 1107 3216 prioris

54 3235 207 3309 abolendae
222 3235 295 3299 loco
312 3250 497 3321 poneretur.
512 3232 575 3297 Sed
591 3256 693 3320 quum
705 3235 795 3320 prior
805 3233 870 3313 jam
884 3234 918 3295 in
935 3233 1107 3299 hominum

55 3361 154 3429 nauus
187 3341 403 3430 pervenisset,
435 3338 656 3426 oblivionique
686 3337 778 3402 reddi
811 3338 996 3426 nequisset,
1024 3363 1108 3403 nova

53 3467 206 3513 auctorem
235 3448 366 3534 utrique
397 3447 464 3525 ejus
492 3446 574 3509 libro
602 3445 762 3510 addidisse
789 3447 961 3533 prooemia,
989 3448 1108 3534 quibus

57 3553 175 3621 Catulus
188 3573 221 3622 et
235 3554 383 3618 Lucullus
404 3554 475 3641 (his
493 3555 579 3617 enim
592 3555 737 3642 inscripti
756 3553 870 3640 erant)
888 3553 1108 3618 laudarentur.

54 3661 148 3751 Atque
160 3662 239 3726 hinc
255 3661 404 3750 prooemii
420 3660 579 3747 posterius
595 3658 695 3723 additi
711 3661 803 3740 loco,
819 3659 905 3723 idem
922 3660 974 3723 ille
985 3659 1110 3722 'lalaeus

54 3783 299 3847 esaunumerat,
317 3789 389 3853 quae
403 3766 487 3829 libro
499 3767 530 3828 ll
547 3765 578 3828 in
593 3765 718 3829 Luculli
731 3763 859 3829 laudem
874 3763 914 3826 ad
934 3769 950 3843 §
974 3762 991 3827 5
1007 3786 1110 3851 usque

55 3876 169 3958 profata
181 3875 347 3964 leguntur.
363 3874 401 3937 In
416 3871 561 3936 eamdem
574 3874 640 3936 fere
652 3873 845 3936 sententiam
858 3869 1001 3957 disputat
1012 3871 1108 3935 etiam

55 3973 205 4042 Victorius
234 3978 276 4042 ad
303 3977 424 4041 Lucull.
453 3979 486 4058 l,
515 4000 551 4059 1,
573 3977 707 4040 uberius
732 3977 800 4039 haec
830 3989 942 4037 contra
967 3975 1110 4063 epistolae

10 4142 12 4173 ,
56 4084 246 4173 scriptorem,
260 4083 370 4149 nescio
383 4105 497 4170 quem,
509 4082 703 4165 edisserens,
719 4082 791 4169 qui,
802 4079 956 4170 deceptus
968 4081 1023 4145 illo
1037 4083 1113 4150 loco
