2640 5214
326 398 364 465 P.
383 396 621 467 VALENTIAE
646 396 925 467 Aetnenses.
1114 393 1161 467 25

126 516 243 581 ommam
260 513 534 603 philosophorum
554 516 690 582 decretis
712 540 806 607 agere
825 532 873 581 est
894 516 1022 580 animus
1038 537 1047 581 ε
1067 514 1165 581 nimis

128 619 151 685 id
161 622 299 710 longum,
318 618 379 685 nec
394 620 572 712 benignum
588 646 672 712 opus
688 624 784 688 foret.
802 624 945 687 Tantum
961 643 1038 686 curn
1057 621 1164 685 rinrm

128 728 215 791 cursim
229 727 437 810 sectabimur,
457 729 513 816 qui
532 752 551 793 a
567 730 698 793 Socrate
714 729 749 792 in
764 727 970 794 Academiam
984 726 1165 805 derivatus,

129 833 188 897 nris
207 832 377 896 doctorum
403 835 626 917 successione,
649 834 691 899 ad
718 834 883 899 Ciceronis
906 855 1011 922 usque
1037 849 1164 897 [etatem

129 955 307 1028 propagatus,
331 938 462 1002 mandit
487 963 495 1005 :
524 941 559 1003 ni
584 942 694 1004 forsan
722 957 834 1029 postea
860 940 894 1003 in
923 938 1107 1004 Phavorino
1132 955 1165 1003 ct

129 1042 306 1108 Charonensi
330 1045 504 1109 Plutarcho
530 1045 706 1134 aliquando
728 1068 842 1110 rtusus
868 1045 1055 1110 ebullierit:
1078 1060 1166 1109 certe

130 1169 175 1210 non
185 1150 222 1213 ita
239 1150 374 1214 illustris
390 1166 465 1238 post
480 1152 669 1216 Ciceronem
687 1149 817 1215 fluebat.
839 1152 932 1215 Hanc
948 1151 1036 1215 enim
1055 1172 1165 1239 graeoae

129 1252 284 1320 oudtionis
306 1272 449 1345 partem,
469 1258 538 1321 sine
559 1280 622 1345 qua
640 1257 739 1322 latine
757 1258 908 1345 scriptam
925 1256 1164 1346 philosophiam

128 1356 228 1450 intelligi
242 1383 312 1424 non
330 1383 425 1449 posse
437 1362 541 1428 Varro
555 1362 709 1447 affinnat,
727 1364 765 1427 iis
782 1363 838 1451 qui
853 1363 898 1427 M.
912 1362 1007 1426 Tullii
1021 1362 1169 1426 Philoso-

127 1462 209 1549 phics,
223 1466 392 1532 becullum
413 1468 602 1557 inprimis,
620 1470 727 1560 legere
744 1467 990 1558 aggredientur,
1010 1490 1165 1557 magnum

127 1566 260 1651 alhturam
290 1594 396 1661 operae
419 1575 560 1661 pretium
587 1575 827 1657 existimamus,
856 1574 1071 1662 pluribusque
1097 1573 1166 1638 aliis

126 1674 303 1763 antiquorum
315 1677 406 1742 libris
421 1677 532 1744 lumen
547 1696 790 1768 porrecturam:
809 1702 912 1768 quum
929 1694 1082 1769 praeterea
1097 1679 1164 1766 ipsa

127 1775 294 1847 decriterio
323 1784 480 1872 quaestio,
508 1807 607 1873 quam
640 1785 928 1874 pertractabimus,
955 1786 1040 1850 scitu
1068 1783 1166 1873 digna

126 1903 222 1974 temper
235 1888 335 1953 inerit
348 1887 500 1969 judicata.

269 2052 288 2128 5
305 2048 333 2112 Ι.
362 2047 507 2113 Platonis
527 2050 633 2136 opinio
646 2047 686 2111 de
695 2048 822 2138 J'udt'cio
836 2051 987 2115 vertam.

155 2177 284 2265 figitur
292 2177 528 2267 discipulorum
540 2180 680 2243 Socratis
689 2180 786 2269 longe
796 2180 976 2268 principem
985 2178 1168 2260 Platonem,

125 2272 322 2368 flegmaticum
344 2283 494 2371 quidam,
512 2284 564 2349 alii
583 2285 867 2372 Aporemsticum,
884 2284 950 2347 sive
965 2282 1166 2369 Scepticurn,

124 2398 163 2446 tut
174 2403 344 2477 utrumque
363 2406 488 2477 putant.
513 2390 696 2455 Universim
716 2391 803 2454 enim
820 2388 1035 2477 philosophos
1051 2410 1166 2452 omncs

124 2484 220 2557 induo
236 2517 362 2559 summa
384 2518 501 2584 genera
522 2496 729 2584 partiuntur:
749 2496 783 2558 in
803 2496 1026 2581 Dogmcticos‚
1046 2492 1166 2573 idest,

123 2595 162 2677 qui
172 2597 292 2663 decreta
308 2600 524 2690 dogmataque
535 2617 661 2689 ponant
672 2616 705 2665 et
718 2617 875 2677 statuant,
888 2617 921 2663 et
931 2601 1167 2687 Aporematicos

123 2700 326 2792 telSccpticos,
343 2706 378 2771 id
394 2723 453 2788 est,
470 2709 527 2795 qni
543 2706 584 2771 de
598 2707 752 2771 omnibus
766 2706 918 2771 dubitent
928 2722 1027 2793 atque
1041 2704 1165 2792 disqui-

121 2822 173 2870 nnt
186 2825 217 2872 et
231 2809 455 2891 considerent,
472 2811 618 2898 nihilque
635 2811 813 2887 affirment,
831 2811 977 2898 nullique
996 2810 1041 2873 rei
1056 2833 1165 2874 assen-

122 2908 227 2978 tiantur.
241 2916 315 2979 Sive
329 2938 407 3004 ergo
419 2917 629 3005 Dognraticus
643 2917 744 2998 Plato,
758 2917 835 2998 sive,
850 2914 940 3003 quod
955 2916 988 2977 in
1004 2915 1166 3002 plerisque

121 3012 195 3084 luisse
212 3019 352 3102 videtur,
368 3022 613 3109 Aporematicus
632 3023 673 3085 sit
692 3020 867 3097 dicendus,
894 3021 962 3084 haec
979 3019 1019 3083 de
1037 3020 1166 3084 criterio

76 3174 80 3181 .
120 3122 292 3189 existimasse
312 3126 502 3213 perhibetur
529 3127 689 3215 (namque
710 3127 792 3190 nihil
810 3126 963 3215 prohibet
981 3126 1164 3212 Scepticurn

120 3221 223 3293 decreta
232 3230 369 3312 hahere,
381 3232 499 3318 quibus
510 3230 642 3319 quidem
654 3255 720 3294 non
734 3232 781 3294 uti
790 3231 950 3319 perceptis
962 3231 1166 3311 assentiatur,

120 3329 161 3393 ted
172 3351 207 3399 ut
225 3335 448 3423 probabilibus
465 3352 596 3400 utatur:
613 3359 677 3424 qua
695 3337 846 3400 cautione
864 3336 960 3399 etiam
980 3336 1020 3400 de
1038 3336 1168 3399 criterio

121 3441 289 3504 mundam
306 3441 511 3529 proferrc(1)
531 3442 576 3504 illi
594 3441 725 3529 licebit).
737 3441 787 3505 Ab
805 3442 947 3505 humana
965 3458 1094 3521 mente,
1111 3462 1168 3503 scu

121 3536 307 3634 intelligentia
321 3544 390 3632 [ὑπὸ
400 3562 443 3609 τοῦ
457 3558 604 3628 ἀνθρωπίνου
619 3548 679 3636 νοῦ]
696 3548 820 3612 ratione
832 3564 945 3611 utente
959 3570 1009 3611 res
1018 3545 1166 3627 judicari.

122 3641 210 3725 Quum
233 3667 343 3715 autem
368 3676 419 3718 res
445 3654 562 3743 partim
587 3654 649 3718 sub
676 3653 939 3743 intelligentiam,
966 3651 1082 3741 partim
1105 3650 1167 3714 sub

123 3767 228 3818 nusum
241 3756 378 3839 cadant,
394 3760 457 3823 hoc
472 3777 538 3838 est,
553 3782 656 3847 quum
674 3769 706 3823 τὰ
721 3769 863 3839 πράγματα
875 3759 935 3821 alia
951 3765 1040 3829 νοητὰ,
1054 3755 1088 3818 id
1102 3772 1166 3835 est,

125 3857 325 3947 intelligibilia,
353 3865 412 3927 alia
437 3874 559 3944 αἰσθητὰ,
578 3865 612 3929 id
633 3882 699 3948 est,
719 3866 862 3945 sensilia,
883 3864 968 3944 sint,
990 3862 1165 3926 humanam

149 4014 310 4082 (tibicinum,
319 4024 350 4072 de
359 4025 455 4089 placitis
463 4026 586 4084 Platonis3
598 4026 720 4077 Plutarch.
727 4025 842 4074 adversus
853 4023 1023 4085 Colotem31).
1034 4022 1164 4089 Augtntitt.

124 4113 189 4155 Qua
198 4110 272 4158 aad.
283 4111 327 4159 lib.
338 4114 392 4171 111,
404 4129 459 4177 cap.
470 4130 509 4175 η,
525 4116 612 4162 tonnl.
