2640 5214
477 405 754 507 rnnrfflo.
1086 409 1147 502 κῇ]
1178 394 1184 403 ’

133 525 189 594 llis
205 520 348 594 auxiliis
366 522 531 597 addenda
551 541 655 597 sunt:

135 649 169 709 1⁰
182 636 304 708 Editio
325 662 434 735 quam
449 641 526 738 ipse
544 641 812 714 Hillsemannus
834 645 993 730 curavit,
1013 642 1085 714 hoc
1103 644 1148 714 ti·

43 752 175 822 tulo:
192 783 211 818 α
222 755 319 824 tut.
334 754 517 826 Ciceronis
531 748 760 845 Academica,
774 781 838 828 seu
852 755 1149 828 Academicorum

38 881 243 939 veterum
262 866 523 966 disputationes
543 869 588 942 de
607 885 786 943 naturast
801 872 955 969 imperio
972 872 1147 969 cognitio·

45 983 134 1053 nis
161 981 342 1052 humanae.
368 983 567 1055 Emendate
592 984 638 1056 ad
664 987 887 1083 optimorum
910 999 947 1056 et
969 985 1151 1084 exempla·

43 1095 195 1183 rium,
223 1111 260 1167 et
284 1097 492 1169 criticorum
519 1096 651 1186 fidem,
678 1124 866 1195 nexusque
888 1100 1061 1171 orationis
1083 1124 1149 1170 au-

49 1211 303 1298 ctoritatem
321 1236 363 1283 ac
392 1236 515 1284 rerum
543 1215 706 1312 inprimis
734 1215 872 1285 ratione
900 1213 1044 1301 habita,
1066 1214 1148 1286 illu·

50 1340 207 1413 strata,
221 1324 342 1396 studio
355 1326 525 1399 Friderici
534 1329 770 1413 Hillsemann,
786 1327 918 1425 philos.
932 1327 1028 1400 doct.
1041 1333 1149 1412 Ioan-

47 1441 139 1510 nei
159 1438 302 1527 Lunebss
321 1455 409 1511 rect.
436 1465 508 1513 soc.
533 1448 608 1514 Lat.
635 1446 709 1514 Ien.
735 1442 812 1514 sod.
842 1442 1099 1543 Magdeburgi,
1127 1469 1149 1515 e

52 1552 299 1651 bibliopolio
309 1554 492 1644 Keiliano,
507 1581 665 1629 uncccvr
675 1589 703 1626 ».

129 1667 169 1738 2⁰
190 1669 374 1740 Goerenzii
401 1668 530 1758 editio,
563 1669 633 1742 hoc
668 1671 797 1742 titulos
818 1675 892 1742 «Μ.
906 1676 944 1741 Τ.
965 1671 1149 1744 Ciceronis

54 1781 377 1854 Academicorum
399 1783 482 1862 libri
498 1791 542 1856 II.
554 1790 607 1856 Ex
624 1787 765 1883 scriptis
781 1810 908 1858 recens
923 1785 1060 1858 collatis
1072 1785 1150 1856 edi·

58 1897 200 1992 tisque
221 1894 324 1968 libris
346 1899 550 1994 castigatius
571 1912 609 1970 et
625 1901 835 1997 explicatius
854 1899 966 1972 edidit
986 1905 1038 1971 Jo.
1058 1904 1146 1996 Aug.

62 2013 251 2082 Goerenz.
267 2013 414 2110 Lipsiae,
433 2036 628 2099 crnrncccx,
640 2014 679 2082 in
697 2013 841 2086 libraria
851 2013 1111 2086 Weidmannia.
1121 2044 1138 2079 2>

135 2111 173 2193 3ὸ
194 2122 327 2195 Christ.
348 2122 500 2197 Godolr.
519 2123 675 2195 Schiitzii
698 2124 808 2197 editio
833 2126 1030 2224 generalis,
1049 2129 1147 2224 Lips.

80 2237 200 2323 1816,
215 2253 304 2309 tom.
328 2242 425 2310 XIII.

136 2352 309 2438 4⁰Versio
331 2377 352 2423 a
368 2357 462 2424 leun
480 2353 679 2425 Salvemini
695 2353 742 2424 de
755 2352 945 2439 Cauillon,
965 2377 1022 2423 an.
1042 2377 1151 2449 1779,

69 2464 241 2537 Ilerolini
273 2465 370 2537 edita
400 2467 551 2562 (iterum
579 2491 726 2555 recusa,
749 2470 856 2538 Paris.
877 2466 1012 2564 1796),
1038 2490 1148 2563 quam

76 2575 161 2650 fere
177 2582 331 2651 servavit
344 2584 374 2650 J.
386 2584 429 2651 V.
446 2583 596 2651 Leclerc.

138 2692 174 2765 5⁰
187 2699 315 2766 Versio
331 2720 352 2765 a
369 2701 399 2766 J.
410 2701 447 2765 B.
460 2699 589 2781 Leve‘e,
609 2698 646 2765 in
660 2695 818 2792 generali
832 2694 915 2767 edit.
933 2709 969 2766 et
984 2695 1149 2766 versione

78 2800 221 2880 librarii
242 2813 425 2896 Fourm'er,
444 2824 530 2880 tom.
549 2814 645 2881 XXI.

136 2923 174 2994 6⁰
191 2929 220 2994 J.
234 2929 277 2995 V.
292 2926 434 2995 Leclerc
450 2925 624 3021 generalis
643 2923 754 2995 editio
773 2938 810 2995 et
827 2928 953 2994 versio.

135 3040 188 3111 Ad
219 3039 313 3109 hanc
341 3052 500 3110 nostram
526 3036 787 3110 conficiendam
812 3037 1027 3126 editionem,
1047 3036 1151 3134 plura

80 3149 250 3223 inunum
267 3154 527 3239 contraximus,
542 3168 580 3223 et
593 3177 652 3223 eas
666 3150 747 3222 edd.
762 3151 985 3249 praetulimus
996 3174 1151 3248 quarum

83 3284 252 3340 auctores
287 3269 515 3365 superiorum
546 3266 727 3339 editorum
753 3290 899 3364 operam
936 3266 1010 3361 jam
1049 3266 1150 3336 lucro

82 3397 341 3481 apposuerant.
357 3386 484 3478 Itaque
497 3385 534 3451 in
551 3396 673 3468 textu,
691 3395 889 3451 nostratem
900 3386 929 3452 J.
938 3386 979 3452 V.
989 3380 1148 3463 Leclerc,

87 3502 150 3593 qui
176 3498 253 3594 ipse
281 3497 460 3566 Goerenzii
483 3509 620 3565 textum
647 3492 722 3564 fere
744 3492 881 3590 ubique
903 3496 1071 3577 servavit,
1096 3516 1151 3562 se·

85 3613 192 3708 quuti
213 3636 356 3695 sumus3
375 3613 413 3679 in
432 3610 527 3681 notis
546 3611 693 3696 criticis,
716 3613 947 3680 Goerenzium
976 3608 1150 3694 maxime,

88 3729 150 3821 qui
168 3750 296 3796 omncs
313 3724 504 3822 impeditos
523 3725 621 3795 locos
639 3723 873 3795 subtilissimo
890 3737 927 3792 et
943 3721 1151 3792 doctissimo

88 3838 230 3937 ingenio
248 3840 410 3909 tractavit
431 3853 466 3909 et
491 3835 641 3908 feliciter
670 3837 763 3934 s'aepe
785 3836 959 3922 correxit,
984 3839 1150 3931 quamvis

94 3953 129 4023 in
151 3951 405 4023 minutioribus
425 3950 534 4024 rebus
558 3953 663 4022 nimis
679 3951 815 4022 haerere
838 3947 944 4020 nobis
964 3950 1147 4040 videatur3

97 4069 132 4137 in
155 4071 249 4138 notis
274 4091 362 4138 vero
385 4067 596 4164 exegeticis,
621 4064 755 4162 quibus
774 4088 867 4161 saepe
885 4065 1028 4138 carebat
1045 4091 1170 4165 supra

100 4196 305 4255 memoratus
333 4179 470 4271 editor,
490 4181 804 4254 Hiilsemannum
794 4181 958 4278 inprimis
983 4181 1154 4253 adhibui-
