2678 4800
382 388 419 453 P.
439 385 685 455 VALENTIAE
708 386 986 457 ACADEMICA.
1173 413 1218 484 ²7

142 510 190 573 ita
213 528 338 597 pamm,
367 520 407 570 ut
434 507 495 570 sub
520 528 652 571 sensum
679 506 795 571 cadere
818 528 886 571 non
911 522 1066 595 posseut;
1092 526 1150 573 aut
1174 511 1218 573 ita

141 613 283 680 mobiles
296 628 330 678 ct
341 614 520 697 concitatu,
535 630 573 677 ut
583 614 666 677 nihil
675 635 833 702 umquam
845 635 948 678 unum
958 629 1042 678 esset
1050 608 1218 698 constans,

141 742 189 785 ne
209 718 298 784 idem
321 718 474 806 quidem3
497 719 573 808 quia
594 720 801 785 continenter
818 719 1006 784 laberentur
1029 735 1062 784 et
1081 717 1221 787 fluerent

142 828 264 891 omnia.
298 826 413 913 ltaque
444 825 529 889 bano
560 848 693 890 onmem
722 842 848 915 purtem
880 848 992 889 rerum
1021 826 1219 914 opinabilem

140 932 366 1023 appellabant3
380 931 547 996 scientiam
563 948 673 996 autem
687 953 850 1019 nusquam
865 952 935 996 esse
948 932 1140 1013 censebant,
1156 932 1220 996 nisi

143 1038 179 1100 in
207 1037 307 1101 animi
334 1036 524 1101 notionibus
550 1053 650 1124 atque
679 1036 893 1100 rationibus».
923 1034 1015 1099 ldem
1042 1037 1154 1101 Cicero
1183 1040 1218 1101 in

142 1142 283 1207 Lucullo
302 1138 350 1228 (ι)
369 1163 377 1205 :
398 1171 411 1195 ι
424 1140 518 1206 Plnto
535 1157 645 1206 cutem
664 1164 766 1205 omne
784 1138 943 1221 judicium
959 1140 1117 1224 veritatis,
1134 1141 1219 1206 veri-

142 1248 310 1337 tatemque
335 1248 437 1337 ipsam
459 1247 633 1313 obductam
655 1248 697 1311 ab
720 1247 932 1338 opinionibus
956 1264 989 1311 et
1010 1270 1029 1311 a
1051 1248 1218 1330 sensibus,

139 1352 348 1447 cogitationis
365 1355 467 1443 ipsius
486 1372 520 1420 et
537 1357 656 1421 montis
674 1378 744 1420 esse
763 1355 867 1420 voluit
876 1388 897 1418 n.
924 1354 1065 1419 Galenus
1077 1354 1125 1443 (a)
1147 1357 1218 1444 ipse

140 1461 242 1525 etism
256 1461 441 1525 Platonicus
456 1471 547 1542 φυσικὰ
561 1472 689 1543 κριτήρια,
705 1461 739 1526 id
757 1478 824 1542 est,
839 1462 1054 1526 instrumenta
1068 1485 1086 1526 a
1103 1477 1217 1526 natura

137 1564 183 1629 ad
192 1565 407 1647 judicandum
421 1565 558 1649 tributu,
573 1576 683 1632 αἴσθησιν
697 1578 739 1630 καὶ
751 1576 851 1647 γνώμην
864 1564 957 1648 dicit,
969 1564 1003 1630 id
1016 1583 1080 1648 est,
1092 1590 1216 1631 sensum

138 1684 173 1737 et
184 1670 443 1760 intelligentiam,
461 1682 560 1761 quam
579 1688 611 1736 ct
625 1678 752 1748 διάνοιαν,
770 1673 837 1736 sire
850 1687 917 1745 νοῦν,
933 1671 967 1736 id
983 1689 1046 1748 est,
1064 1684 1214 1753 mentem,

139 1778 209 1842 sive
226 1789 360 1858 λογισμὸν,
378 1774 411 1840 id
427 1793 492 1859 est,
508 1781 783 1842 ratbcinationem
791 1827 801 1858 ,
819 1779 980 1867 appellare
996 1779 1093 1843 ctiam
1110 1779 1215 1844 liceat.

140 1884 219 1947 llaec
238 1882 354 1947 eedem
373 1900 522 1947 veterum
545 1876 835 1970 Periputeticorum
854 1886 1013 1950 sententia
1034 1886 1106 1949 luit.
1132 1885 1216 1949 Nam

139 2004 173 2051 ct
193 1988 256 2076 ipsi
278 1988 387 2051 sensui
404 2011 513 2051 rerum
532 2010 605 2075 quoe
624 1988 823 2070 sentiantur,
845 2012 913 2053 non
933 1990 1054 2054 seclusa
1071 1990 1215 2071 ratione,

138 2109 172 2157 et
193 2094 415 2183 intelligentiae
438 2116 554 2157 eorum
577 2116 649 2181 quae
672 2110 782 2157 mente
803 2095 1037 2183 percipiantur,
1056 2094 1215 2174 judicium

140 2196 328 2262 detulerunt
346 2198 413 2286 (3):
431 2199 492 2262 nisi
514 2198 604 2287 quod
627 2199 817 2263 Aristoteles
835 2198 922 2263 ideas
941 2199 1009 2262 illas
1027 2201 1216 2286 speciesque

139 2326 269 2386 rerum,
294 2327 369 2393 quse
393 2303 536 2368 Platonis
559 2321 639 2368 sunt
662 2313 695 2365 τὰ
718 2317 812 2375 νοητὰ,
836 2302 873 2368 id
900 2320 968 2386 est,
986 2303 1215 2389 intelligibilia,

139 2410 363 2491 labefactavit,
390 2410 626 2474 universalibus
649 2408 847 2497 quibusdam
873 2432 982 2473 rerum
1006 2409 1215 2491 notionibus,

142 2538 211 2603 qure
221 2538 384 2603 nusquam
395 2515 710 2604 alibi,praeterquam
721 2516 754 2577 in
764 2515 899 2603 singulis
910 2515 1096 2602 quibusque
1106 2515 1216 2597 rebus,

142 2623 220 2704 sint,
237 2621 457 2710 intelligentiis
474 2644 551 2686 vero
571 2645 669 2711 opera
687 2645 706 2685 a
729 2622 861 2686 materia
880 2638 1098 2709 seponantur,
1116 2638 1216 2709 atque

142 2744 303 2817 perpetuu
319 2728 545 2816 simplicesque
565 2729 631 2808 jam
654 2744 687 2792 et
705 2727 894 2791 uniusmodi
913 2728 946 2790 in
965 2728 1215 2815 contemplatio-

141 2856 213 2897 nem
228 2836 376 2916 veniant,
391 2858 493 2922 quum
506 2836 683 2924 singulares
693 2858 745 2899 res
757 2833 851 2898 lluxae
863 2833 1122 2921 multiplicesque
1133 2835 1213 2914 sint,

140 2939 170 3003 in
191 2938 340 3005 idearum
364 2942 468 3005 vicem
491 2940 644 3006 inductis.
679 2942 756 3005 Hoec
780 2957 858 3005 sunt
881 2961 1003 3029 genera
1027 2940 1214 3028 speciesque

141 3068 249 3109 rerum
265 3062 300 3110 et
316 3046 376 3110 clia
392 3070 466 3134 quae
482 3046 523 3110 de
541 3047 639 3111 rebus
656 3047 882 3136 intelliguntur
895 3061 928 3109 et
943 3045 1167 3126 enuntiantur,
1181 3062 1215 3108 et

136 3152 224 3215 circa
236 3174 311 3240 quse
325 3152 458 3217 scientia
472 3170 627 3235 versatur,
640 3153 834 3217 scholastico
849 3151 1009 3215 vocabulo
1025 3151 1215 3216 universalia

137 3274 350 3346 nuncupata:
370 3258 427 3322 sed
448 3260 646 3324 abstrusiora
666 3260 734 3323 baec
751 3275 846 3338 sunt,
866 3259 1067 3345 minutisque
1085 3258 1211 3346 disqui-

131 3362 284 3444 sitionis,
301 3379 335 3427 et
350 3388 422 3451 quae
438 3386 478 3428 ex
493 3363 624 3428 duobus
641 3366 776 3428 summis
794 3364 1015 3454 philosophis,
1032 3384 1214 3451 eorumque

132 3468 214 3531 satis
229 3468 340 3532 multis
357 3470 588 3558 interpretibus
603 3470 670 3534 sint
682 3468 907 3558 perdiscenda.

174 3683 218 3749 (r)
236 3686 315 3733 Acad.
327 3685 371 3733 lib.
388 3688 414 3744 l,
429 3702 484 3750 cap.
500 3687 542 3742 46.

171 3772 213 3835 (n)
222 3774 258 3819 Do
271 3774 376 3820 decretis
384 3774 506 3837 Elppocr.
520 3786 545 3821 et
558 3774 618 3822 Plrt.
632 3773 675 3823 lib.
688 3776 742 3827 lx,
755 3786 779 3821 et
792 3774 818 3822 in
829 3785 959 3823 comment.
972 3773 1015 3822 lib.
1025 3772 1080 3822 κατ’
1094 3771 1202 3839 ineptiis,

131 3878 192 3927 pag.
205 3862 274 3922 665,
285 3866 381 3909 Graecae
393 3863 451 3911 edit.
465 3862 537 3911 Busll.

168 3950 210 4012 β)
229 3952 291 3998 Vide
313 3950 423 3999 Platonis
440 3953 622 4010 Parmenidcm,
641 3964 666 4000 et
687 3953 717 3999 dc
733 3952 839 4016 Republ.
856 3951 900 4001 lib.
915 3954 994 4011 Vlll,
1016 3966 1065 4012 ¹⁰3
1086 3952 1211 4001 Plutarch.

130 4038 250 4086 adsersus
264 4038 392 4097 Colotcm3
406 4038 530 4088 Stobaeum
544 4042 569 4089 iu
584 4041 710 4107 Physicis,
721 4058 774 4104 cap.
787 4041 818 4089 dc
831 4040 884 4089 idco
893 4075 902 4102 ,
911 4056 969 4104 pag.
983 4042 1028 4101 io;
1041 4041 1166 4090 Plutarch.
1179 4042 1211 4090 ‹ln

132 4128 219 4191 placit.
235 4127 329 4177 Philos.
343 4126 388 4175 lib.
402 4130 428 4189 1,
445 4144 500 4191 cap.
515 4145 556 4177 ro.
