2678 4800
193 347 251 443 xvj
373 349 503 418 NOVI
528 346 774 417 EDITORIS
800 348 1075 419 PRAEFATIO.

194 467 430 541 Elisabetanei
451 468 674 538 Prorectoris
693 483 730 540 et
750 468 844 540 Prol.
866 471 1028 567 itemque
1054 470 1148 542 illins
1171 469 1265 542 bibl.

107 596 110 603 '
194 583 352 682 praesidis
369 581 475 678 longe
496 582 727 652 meritissimi.
1100 576 1105 587 “

242 698 305 792 «7⁰
321 693 528 765 Basileensis
556 694 786 766 collationem
815 697 985 794 exemplo
1000 697 1137 769 Aldinae
1156 697 1265 781 1565,

196 808 255 877 cui
274 805 415 902 appicta
430 818 498 889 est,
513 802 706 892 debemus,
721 806 912 901 aWegelio
926 809 1147 904 nescioquo,
1162 810 1269 904 cujus

196 920 272 991 haec
295 924 331 989 in
348 916 422 989 fine
438 915 522 988 libri
541 918 677 1012 adjecta
693 919 803 990 verba
821 935 925 1010 suut,
942 925 1127 1021 «excerpsi
1140 927 1268 1019 Wege-

197 1035 266 1105 lius
288 1036 326 1104 in
350 1031 439 1104 bibl.
460 1037 536 1103 Bas.
562 1034 693 1130 1698».
729 1034 830 1106 Idem
864 1034 992 1108 eodem
1025 1039 1064 1106 in
1099 1039 1268 1134 exemplo

197 1150 369 1221 binorum
401 1147 568 1218 codicum
595 1151 782 1220 varietates
811 1150 856 1220 ad
888 1151 999 1222 libros
1031 1152 1076 1223 de
1103 1152 1268 1240 Finibus,

197 1263 423 1359 totidemque
441 1260 484 1331 ad
502 1261 719 1333 Tusculanas
737 1265 862 1362 Dispp.
881 1263 1079 1363 adscripsit.

246 1378 334 1448 «His
346 1376 515 1448 codicum
526 1380 743 1473 scriptorum
763 1379 1015 1451 collationibus
1034 1380 1268 1475 adjunximus

199 1495 305 1564 etiam
331 1493 518 1562 varietates
548 1515 624 1576 eas,
653 1515 743 1588 quas
767 1507 803 1563 et
825 1497 942 1564 Oxou.
967 1495 1076 1592 1783,
1102 1521 1122 1566 e
1149 1495 1268 1566 tribus

199 1609 304 1682 codd.
327 1616 366 1680 F..
385 1614 428 1678 V.
449 1609 485 1702 ψ.
508 1610 673 1704 signatis,
697 1624 733 1680 et
748 1609 858 1681 Alteri
880 1610 936 1682 ed.
956 1613 1100 1682 viennae
1119 1611 1228 1710 1786,
1246 1637 1267 1683 e

199 1724 279 1798 cod.
295 1749 331 1793 n.
349 1747 430 1794 ccix
448 1721 627 1820 praebent,
647 1724 754 1794 textis
775 1723 997 1821 corrigendis
1018 1725 1183 1795 nondum
1201 1725 1267 1796 ad-

198 1840 345 1912 hibitas:
368 1840 453 1909 item
481 1837 526 1908 de
552 1836 702 1908 Allionis
726 1837 1022 1911 Academicorum
1049 1840 1269 1929 editionem,

198 1959 263 2051 qui
285 1952 410 2038 binos,
430 1951 492 2022 sed
511 1954 588 2023 sine
611 1953 748 2049 pretio,
766 1954 918 2051 scriptos
940 1953 1114 2041 contulit;
1131 1969 1167 2025 et
1187 1980 1267 2026 cam

198 2069 282 2141 libri
304 2069 428 2166 primi,
450 2092 530 2163 quae
555 2067 714 2138 Colouiae
746 2071 854 2164 1748,
880 2066 925 2138 ab
951 2067 1099 2139 Hubero
1125 2085 1269 2158 curata,

198 2208 300 2254 mero
317 2196 417 2254 textu
436 2181 589 2280 prodiit,
603 2206 669 2253 nec
684 2206 858 2279 umquam
873 2181 1008 2252 venalis
1023 2185 1192 2280 prostitit.

244 2299 480 2371 «Editionum
499 2321 650 2393 quoque
669 2311 832 2367 veterum
854 2298 937 2367 satis
956 2324 1089 2396 magno
1112 2325 1268 2370 numero

198 2417 254 2486 usi
275 2437 421 2498 sumus;
447 2435 466 2481 e
488 2408 622 2506 quibus
646 2411 811 2508 inprimis
830 2413 1028 2482 Venetiana
1056 2418 1165 2511 1494,
1183 2420 1268 2487 Cra·

198 2525 365 2611 tandria‚
409 2537 564 2620 utraque
599 2527 814 2595 Ascensiana
849 2530 1028 2598 nominari
1066 2544 1265 2600 merentur.

200 2646 331 2711 Praesto
346 2636 451 2709 nobis
467 2638 574 2708 etiam
593 2635 663 2708 fuit
675 2644 729 2709 Jo.
748 2642 849 2710 Rosae
865 2642 901 2710 in
922 2641 1152 2731 Academica,
1171 2658 1207 2714 et
1223 2645 1267 2713 li-

199 2750 286 2821 hros
305 2747 350 2819 de
369 2746 537 2835 Finibus,
564 2752 864 2838 commentarius,
893 2751 1053 2822 Francos.
1082 2753 1125 2824 ad
1155 2757 1267 2827 Moen.

154 2882 159 2899 “
204 2866 309 2964 1571,
332 2866 478 2936 raritate
499 2865 627 2961 magis,
651 2890 759 2962 quam
784 2867 937 2939 utilitate
958 2868 1266 2941 commendabilis.

198 2979 334 3052 Pendet
353 2979 450 3051 enim
472 2981 566 3049 Rosa
584 2979 622 3047 in
644 2980 775 3050 criticis
800 2994 898 3052 totus
922 3006 942 3051 a
965 2982 1160 3071 Lambino,
1181 2988 1267 3055 etsi

199 3094 347 3194 quando
366 3095 442 3192 ipse
462 3092 708 3186 conjecturam
728 3109 861 3178 tentat,
883 3096 1097 3194 plerumque
1113 3096 1198 3170 facit
1210 3102 1267 3169 in·

198 3215 271 3282 vita
286 3211 458 3281 Minerva.
476 3213 520 3279 In
540 3208 777 3305 explicatione
796 3224 937 3298 tamen,
960 3215 1124 3310 inprimis
1140 3239 1265 3285 rerum

198 3323 469 3426 philosophiam
487 3325 746 3420 spectantium,
766 3350 833 3422 pro
849 3326 915 3397 illis
928 3326 1170 3424 temporibus,
1188 3351 1266 3402 non

199 3442 306 3540 plane
329 3436 619 3511 contemnendus
641 3453 706 3508 est.
737 3438 888 3536 Reliqua
911 3439 1070 3512 subsidia
1090 3443 1136 3513 ad
1155 3445 1267 3514 crisin

197 3553 343 3627 adfuere
368 3549 474 3622 uobis
503 3549 677 3647 pleraque
706 3552 839 3622 omnia.
875 3557 953 3624 Hoc
980 3579 1062 3625 cum
1088 3571 1266 3654 apparatu

198 3668 294 3741 haud
314 3689 427 3765 pauca
447 3664 524 3735 loca
543 3665 738 3736 restituisse
753 3664 860 3738 uobis
875 3666 1058 3755 videmur3-
1077 3671 1157 3742 licet
1176 3697 1267 3742 con-

195 3786 344 3878 jectum
365 3781 467 3851 locus
484 3780 600 3850 rarius
621 3777 779 3867 daretur,
796 3805 906 3876 quam
927 3782 971 3852 ad
992 3783 1079 3855 libb.
1104 3785 1149 3855 de
1164 3788 1267 3882 Legi·

197 3897 288 3967 bus:
312 3917 491 3991 nusquam
509 3892 605 3963 enim
621 3889 843 3962 diversarum
862 3891 1078 3967 familiarum
1096 3900 1189 3970 inter
1208 3924 1264 3970 co-

195 4012 294 4084 dices
317 4008 616 4082 Academicorum
647 4007 795 4103 vestigia
826 4027 1073 4111 comparent.»

595 4169 882 4202 *-
