2678 4800
298 366 337 431 P.
358 361 598 433 VALENTIAE
622 362 904 434 ACADEMICA.
1090 367 1130 437 31

65 490 168 554 solum
191 485 361 552 scientiam
382 507 535 567 omnem,
559 483 617 549 sed
640 500 673 548 et
687 484 928 575 philosophiam
953 488 1136 555 universam

63 593 184 675 everti,
208 607 242 656 et
264 591 410 656 emedio
432 591 503 655 tolli
526 591 712 655 Lactantius
731 590 778 679 (t)
803 608 919 680 putat:
941 586 1135 684 «Namque,

63 698 187 787 inquit,
205 698 233 763 si
249 719 357 785 neque
372 697 446 761 sciri
463 696 642 785 quidquam
655 712 780 784 potest,
794 714 833 761 ut
844 697 989 763 Socrates
1006 698 1137 780 docuit;

63 827 170 894 neque
190 804 317 891 opinari
335 818 481 892 oportet,
504 819 542 866 ut
565 805 680 867 Zeno:
701 817 769 867 tota
786 803 993 893 philosophia
1010 807 1134 872 sublata

63 928 108 976 est
117 942 144 977 ι.
170 911 226 976 Sic
241 909 366 998 epoche
385 911 420 973 in
443 908 585 973 Platonis
603 910 747 973 scholam
765 911 865 975 venit.
885 911 1037 999 Namque
1057 914 1135 995 etsi,

62 1017 182 1081 utnovi
191 1012 1138 1106 volunt,veteresAcademicietPeripatetieiNilu'lpercr'pr'

63 1121 221 1196 dicerent,
233 1137 342 1185 tamen
355 1143 459 1207 quum
469 1119 596 1209 opinari
606 1142 674 1183 non
683 1120 909 1208 prohiberent,
920 1122 1001 1186 nihil
1011 1124 1135 1212 epoche

63 1250 143 1316 opus
151 1218 328 1291 habebant.
341 1224 508 1307 Quoniam
517 1246 595 1288 vero
607 1246 669 1287 nos
681 1226 903 1313 perspicuitati
914 1229 1024 1314 potius
1036 1252 1134 1317 quam

64 1350 116 1398 aut
127 1332 311 1423 elegantite,
319 1347 376 1395 aut
382 1328 530 1396 brevitati
540 1332 721 1412 studemus,
730 1332 904 1398 Arcesilam
914 1357 990 1398 cum
1003 1339 1135 1401 Zenone

64 1436 282 1526 disputantem
308 1460 346 1500 ea
370 1437 514 1518 ratione,
542 1460 607 1525 qua
634 1459 724 1500 nunc
746 1436 846 1528 vulgo
871 1439 906 1502 in
933 1440 1051 1505 scholis
1077 1465 1137 1530 par

64 1541 308 1633 digladiandum
331 1541 600 1605 scholasticorum
622 1541 783 1606 committi
803 1541 902 1623 solet,
923 1542 1135 1628 inducemus,

64 1648 208 1738 apposita
227 1647 325 1712 etiam
348 1646 488 1711 Zenonis
509 1662 542 1712 et
563 1645 748 1711 Stoicorum
774 1645 815 1710 de
838 1648 982 1712 veritatis
1004 1650 1134 1714 criterio

64 1754 222 1819 sententia
246 1775 254 1816 ε
283 1753 330 1817 sic
360 1753 449 1817 enim
482 1751 613 1816 maximi
641 1752 717 1816 belli
747 1751 832 1816 inter
862 1752 942 1817 duas
973 1755 1135 1844 principes

64 1859 333 1950 philosophorum
361 1858 536 1941 factiones,
567 1857 777 1923 Academicos
802 1874 834 1923 et
863 1860 1008 1942 Stoicos,
1038 1884 1133 1927 causa

62 1967 219 2057 origoque
236 1965 415 2046 constabit,
433 1986 506 2052 quae
523 1962 564 2026 ab
588 1963 729 2027 historia
750 1963 908 2052 scriptore
931 1966 1066 2031 minime
1084 1982 1134 2032 est

61 2071 344 2161 pretermittenda.
365 2071 435 2135 Nos
453 2085 564 2132 autem
584 2090 691 2149 nunc,
715 2090 777 2132 nec
795 2071 1008 2155 quaestionem
1028 2073 1132 2160 ipsam

58 2178 298 2261 examinamus,
323 2198 385 2241 neo
410 2174 578 2241 decretum
607 2173 846 2263 interponimus
868 2190 1039 2260 nostrum3
1074 2177 1132 2243 sed

58 2306 131 2347 rem
156 2300 280 2373 gestam
301 2303 488 2364 narramus,
508 2280 718 2370 grammatico
741 2280 851 2366 operi,
870 2295 908 2342 ut
926 2280 1066 2345 Galenus
1084 2282 1132 2369 (a)

55 2392 122 2472 ait,
138 2388 175 2453 id
188 2405 255 2472 est,
267 2406 415 2454 veterum
429 2387 523 2453 dictis
540 2385 725 2474 repetendis
741 2402 775 2450 et
787 2386 821 2449 iu
837 2385 983 2450 medium
994 2376 1133 2453 afferen-

55 2494 127 2577 dis,
141 2517 273 2585 operam
286 2493 512 2584 impendentes
523 2509 683 2569 nostram,
700 2491 840 2580 inglorio
854 2492 966 2574 nimis,
981 2495 1030 2557 uti
1043 2517 1133 2560 nunc

53 2601 233 2665 hominum
249 2623 363 2666 sensus
377 2615 440 2683 est,
460 2622 502 2663 ne
518 2598 622 2663 dicam
639 2598 752 2662 infami
768 2598 911 2686 negotio.
927 2600 1050 2664 Tamen
1067 2601 1132 2665 hoc

53 2730 204 2797 agamus.
225 2708 296 2789 sic,
316 2706 470 2795 inquam,
489 2722 521 2770 et
543 2705 619 2769 belli
642 2727 762 2779 causse,
784 2720 817 2768 et
839 2727 931 2769 novae
952 2705 1132 2772 Academiae

53 2815 202 2880 Arcesila
225 2813 319 2879 fabro
343 2827 556 2892 constructae,
582 2833 654 2899 quae
680 2810 779 2898 ipsius
802 2812 1014 2901 sectatoribus
1039 2814 1131 2903 origo

52 2920 183 3010 placet,
198 2920 367 3011 perspicua
382 2918 471 2983 fient.
660 2987 664 2996 ,

102 3048 138 3112 9.
167 3027 308 3091 Zenonis
331 3026 484 3107 effatum,
512 3024 594 3105 sive,
622 3039 663 3088 ut
690 3039 824 3104 vocant,
851 3024 1018 3087 conclusio
1042 3043 1131 3108 erat,

53 3135 230 3222 sapientem
241 3157 305 3199 non
315 3146 438 3221 oportet
446 3134 588 3220 oprharr',
600 3130 634 3195 id
646 3146 712 3212 est,
723 3130 848 3218 sapiens
862 3153 927 3193 non
940 3132 1132 3196 assentietur

55 3240 123 3303 nisi
148 3245 302 3329 pereept'o
325 3255 358 3303 et
380 3240 522 3328 cognito.
546 3238 667 3302 Probat
690 3238 754 3301 hoc
779 3237 933 3300 Arcesilas
957 3237 1132 3326 laudatque

57 3362 229 3434 tamquam
242 3347 395 3434 sapientis
408 3346 561 3436 gravitate
576 3345 731 3433 dignum,
747 3345 821 3408 licet
834 3366 975 3424 norum,
991 3361 1025 3408 et
1041 3344 1131 3433 quod

57 3454 129 3541 ipse
153 3475 172 3516 a
197 3454 377 3542 sapientiae,
404 3476 501 3541 quam
527 3451 752 3541 profiteretur,
777 3451 1033 3514 antecessoribus
1063 3474 1130 3514 non

58 3560 230 3648 acceperit.
259 3559 382 3623 Verum
405 3577 436 3623 et
462 3556 596 3623 concedi
626 3558 686 3620 sibi
716 3555 795 3621 illud
826 3553 912 3620 aliud
944 3554 1086 3645 postulat
1113 3579 1131 3618 a

59 3666 216 3746 Zenone,
243 3663 340 3730 Nihil
362 3663 607 3753 approbaturum
630 3664 819 3750 sapientem,
842 3678 880 3725 ut
900 3660 989 3747 quod
1012 3682 1049 3723 ex
1076 3661 1131 3724 illo

63 3770 169 3858 priore
185 3786 421 3857 consequatur,
436 3786 492 3832 aut
503 3791 657 3858 pugnare.
672 3771 761 3830 Zeno
774 3767 907 3847 minime
919 3764 953 3828 id
967 3764 1132 3841 concedit,

63 3898 271 3967 pugnamque
293 3875 382 3940 haud
405 3875 571 3939 detrectat.
594 3874 752 3939 Adoritur
773 3873 946 3945 Arcesilas,
968 3887 1017 3951 et,
1041 3876 1130 3959 quasi

10 3988 14 4091 l
97 4012 137 4077 (r)
155 4014 264 4060 lactant.
278 4011 362 4059 Divin.
377 4013 457 4059 lnstit.
472 4011 516 4058 lib.
526 4013 577 4069 111,
592 4009 694 4058 defalta
706 4025 756 4072 rap.
771 4023 825 4071 cap.
838 4017 868 4066 1.,
881 4022 907 4070 p.
923 4008 984 4068 196,
998 4017 1056 4055 tom.
1068 4010 1087 4055 1.

96 4100 132 4163 (a)
150 4100 188 4148 De
202 4100 296 4165 optimo
316 4098 422 4147 docendi
433 4115 528 4162 genere.
