2640 5214
472 356 801 427 mmonucuo.
1150 368 1172 453 t'

130 478 279 566 utumque
297 478 333 541 in
357 475 503 557 ejusdem
523 495 733 569 argumento,
754 479 901 544 «librum
924 479 1015 544 hunc
1042 480 1082 545 ab
1104 483 1171 546 aliis

135 599 271 671 quumm,
287 583 329 646 ab
344 583 414 647 aliis
426 584 606 651 secuudum
623 586 890 674 Disputationum
904 583 1171 651 Academicorum

136 690 230 776 putari,
244 688 299 753 sed
316 704 494 777 utrumque
508 689 761 755 horumfalsum
775 713 861 774 esse,
873 712 912 755 ex
929 691 1001 780 ipso
1015 692 1179 757 Cicerone·

138 792 316 861 demonstrari
331 816 428 883 posse
437 826 461 861 ι.
476 796 595 862 Recte:
610 819 687 861 nam
701 796 860 861 secundus
872 796 972 862 modo
988 797 1022 861 iu
1035 796 1171 863 ulterius

137 899 304 964 numerando
326 901 488 988 ponitur:
514 933 528 959 ι
545 924 615 967 esse
637 902 725 967 enim
748 903 839 968 huuc
861 903 978 991 prioris
1000 903 1172 985 editionis,

137 1026 212 1091 qaum
224 1006 345 1094 primus
360 1006 506 1093 perierit,
525 1008 675 1072 alterum.
691 1007 740 1072 Ex
751 1008 941 1096 fragmentis
954 1023 1063 1073 autem
1080 1012 1100 1072 l.
1113 1010 1171 1086 IV,

137 1130 190 1195 qut
206 1111 284 1200 apud
310 1111 456 1177 Nonium
479 1129 672 1194 occurrant,
696 1113 851 1202 intelligi,
875 1136 949 1201 quae
974 1114 1007 1178 iu
1036 1115 1172 1178 Lucullo

137 1212 318 1303 disputentur,
335 1238 372 1280 ea
390 1218 561 1281 maximam
583 1234 708 1307 partem
726 1217 841 1283 iisdem
861 1219 968 1283 verbis
988 1221 1120 1284 serratis
1135 1220 1171 1282 iu

134 1318 223 1386 ibrum
235 1338 387 1411 quartum
403 1322 553 1387 secundm
570 1322 721 1388 editionis
739 1324 890 1388 translata
904 1346 973 1388 esse
984 1356 1006 1389 ι.
1024 1325 1171 1389 Castillo-

134 1446 193 1507 aut,
212 1428 359 1516 expositis
384 1428 443 1508 iis,
467 1451 540 1516 quas
559 1429 723 1493 Victorius
746 1430 961 1517 Davisiusque
985 1430 1046 1494 hac
1070 1430 1111 1493 de
1136 1452 1171 1493 re

133 1532 263 1616 sentiunt,
287 1535 469 1603 accuratius
493 1535 554 1623 (cf.
576 1537 645 1616 ejus
669 1535 819 1600 Dt'seourt
844 1534 1005 1623 prdlr‘miu.
1031 1536 1172 1600 advers.

132 1633 222 1703 borum
241 1638 320 1703 libb.
344 1662 376 1727 p.
392 1637 491 1725 3-8),
516 1662 593 1703 cum
615 1640 679 1704 hoc
702 1641 797 1704 etiam
820 1640 852 1702 in
877 1663 917 1704 eo
939 1640 1032 1720 facit,
1063 1639 1169 1727 quod,

132 1739 218 1807 urdine
225 1743 367 1825 inverso,
377 1744 503 1808 Luculli
516 1766 637 1808 nomeu
648 1745 682 1808 iu
693 1744 767 1808 libri
778 1745 989 1832 inscriptione
1000 1746 1169 1832 praemisit:

132 1849 248 1937 extmplo
261 1850 312 1913 vel
322 1847 397 1913 ideo
409 1872 476 1914 nou
491 1842 665 1932 imitando,
680 1872 783 1939 quum
795 1851 869 1914 libri
878 1850 987 1938 scripti
1000 1873 1067 1914 non
1078 1850 1170 1915 addi·

130 1969 196 2034 muu
209 1955 235 2018 si
247 1955 298 2019 vel
310 1954 375 2019 hoc
389 1955 470 2019 nihil
484 1957 622 2037 curaris,
639 1956 729 2043 quod
743 1958 788 2021 sic
803 1958 836 2019 in
850 1957 1027 2043 quaestione
1039 1956 1170 2021 duobus

129 2054 194 2122 libris
209 2060 374 2123 communi
391 2060 576 2124 communis
595 2082 709 2123 eorum
726 2061 838 2123 titulus
854 2062 899 2123 illi
914 2061 1073 2149 cujusque
1091 2084 1169 2149 pro·

79 2190 81 2219 :
129 2163 179 2247 prio
191 2166 393 2254 supponitur.
417 2166 468 2230 Ne
487 2164 628 2253 denique
645 2166 904 2229 Hiilsemauuum
922 2183 1168 2253 praetereamus,

79 2294 81 2315 ¹
127 2272 235 2334 enam
251 2271 306 2335 hic
320 2271 361 2335 V.
379 2270 465 2335 doct.
481 2272 577 2335 etiam
591 2270 652 2333 hac
669 2271 702 2332 iu
720 2271 898 2357 quaestione
909 2293 1032 2333 morem
1049 2294 1168 2334 suum:

128 2366 205 2458 quum
213 2377 341 2440 enimin
349 2375 496 2465 Prolegg.
506 2392 581 2439 sect.
591 2376 650 2456 ΙΙΙ,
663 2398 694 2462 p.
706 2373 758 2456 35,
766 2374 807 2437 ad
819 2373 869 2438 ed.
878 2397 969 2437 suam
979 2375 1169 2455 monuisset,

126 2477 219 2546 librum
235 2481 503 2548 Academicorum
514 2485 656 2569 primum
676 2479 825 2544 secuudae
850 2479 1001 2544 editionis
1026 2481 1168 2568 primum

126 2605 188 2669 ttte,
209 2606 240 2654 et
256 2588 427 2652 secundum
450 2588 627 2675 reliquum,
654 2585 805 2650 editionis
827 2586 939 2674 primm
961 2584 1167 2651 secundum:

79 2724 81 2741 ι
124 2689 170 2757 boc
180 2696 271 2783 plane
287 2716 410 2758 novum
431 2692 497 2757 suis
512 2694 618 2757 verbis
635 2691 748 2756 addit:
765 2722 779 2747 ι
794 2692 973 2778 Utramque
989 2690 1166 2757 editionem

123 2816 200 2865 nunu
214 2824 273 2866 sua
286 2801 414 2888 scripsit
432 2801 563 2882 Cicero,
580 2817 613 2864 et
629 2799 670 2864 ad
686 2800 826 2863 amicum
840 2798 1019 2862 Varronem
1038 2798 1124 2861 misit
1135 2803 1164 2862 u!

122 2901 285 2973 llirinatuua
313 2908 347 2970 iu
375 2907 438 2970 hoc
463 2929 501 2971 ex
526 2923 616 2995 parte
639 2905 680 2970 V.
706 2903 792 2969 doct.
815 2903 934 2985 videri,
959 2904 1067 2992 paullo
1094 2920 1170 2991 post

121 3013 265 3095 probabile
281 3014 457 3076 faciemus:
477 3029 621 3075 ceterum
638 3012 734 3076 etiam
750 3009 802 3073 his
820 3010 854 3072 in
872 3008 979 3085 libris,
1000 3009 1087 3072 utin
1105 3009 1166 3074 illis

121 3114 285 3207 delegibus
299 3119 436 3199 lecerat,
454 3117 652 3181 monachum
673 3117 772 3180 istum
788 3137 903 3196 suum,
922 3131 1163 3201 corruptorem,

121 3221 216 3289 uisere
240 3224 394 3313 fatigarit.
432 3227 524 3303 Inter
547 3222 672 3311 reliqua
695 3223 801 3312 enim,
828 3243 868 3286 eo
896 3236 996 3301 teste,
1025 3221 1064 3285 cf.
1096 3220 1164 3300 ejus

120 3322 273 3394 llacematt.
298 3329 490 3415 epitriticas,
507 3351 540 3417 p.
565 3327 646 3414 569,
671 3327 796 3391 Luculli
819 3326 929 3408 istius,
954 3326 1010 3413 qui
1028 3327 1165 3391 autehac

121 3443 188 3497 totus
204 3434 369 3498 Ciceronis
387 3455 456 3496 esse
469 3433 684 3514 judicabatur,
701 3462 714 3487 ι
727 3432 802 3495 Nou
818 3433 941 3495 sincera
959 3431 1113 3520 legimus,
1132 3448 1165 3495 et

122 3541 253 3603 contiuua
278 3538 374 3603 Tullii
403 3539 515 3621 rerba,
546 3538 602 3603 sed
633 3562 672 3603 ex
697 3537 841 3627 genuino
860 3535 958 3603 Tullii
987 3537 1102 3600 Catulo
1130 3551 1164 3599 et

79 3726 81 3731 Ι
123 3636 234 3709 lucullo
255 3646 310 3708 hic
331 3645 488 3708 habemus
512 3646 694 3732 epitomen,
722 3641 834 3723 credo,
858 3640 1112 3729 conglutinatam
1143 3664 1163 3705 a

79 3752 81 3763 '
125 3749 218 3813 seriore
245 3752 402 3838 scriptore
403 3798 456 3815 .....
482 3751 545 3832 sic,
576 3767 614 3814 ut
640 3749 801 3837 copiosam
827 3746 980 3812 Tullianae
1007 3745 1162 3812 orationis

126 3852 214 3916 seriem
234 3856 266 3918 in
288 3855 519 3942 compendium
544 3854 627 3918 reale
650 3853 884 3930 conscriberem
914 3872 953 3912 eo
977 3849 1033 3936 (ut
1048 3852 1161 3938 putat)

79 3944 81 3949 ¹
127 3959 256 4041 consilio,
277 3978 315 4025 ut
335 3977 508 4047 exponeret
530 3959 714 4027 acroasibus
733 3955 931 4021 monachicis
948 3953 1160 4041 dialecticam,

129 4057 288 4130 scholastico
310 4074 379 4130 civo
401 4066 578 4153 principem
601 4081 702 4130 artem
715 4092 740 4127 ν.
766 4062 924 4126 Illiramur
945 4085 1005 4127 uos
1027 4063 1160 4152 quidem
