2640 5214
480 330 810 426 mmooncno.
1152 375 1178 447 9

142 477 309 568 dtulmtos,
322 473 381 539 sed
395 476 567 541 exstinctos
582 478 740 561 voluisse,
755 492 852 564 atque
862 475 907 538 ita
917 496 978 562 pro
989 489 1080 537 certo
1091 472 1178 536 sumi

142 606 227 673 posse,
244 582 388 647 Atticum
412 580 510 661 hujus
534 583 695 647 voluntati
721 582 978 669 obtemperasse,
1003 601 1124 667 quum,
1150 580 1178 643 si

143 708 209 752 secus
225 687 368 767 fecisset,
393 685 502 750 multat
523 710 574 753 res
591 686 809 753 incommodos
830 685 955 751 auctori
976 683 1054 749 inde
1071 685 1178 749 enasci

143 793 303 880 potuissent.
325 791 452 857 Deinde
469 815 666 882 quamquam
686 792 820 881 quidem
838 789 996 857 nonnulla
1015 790 1049 854 in
1066 805 1177 878 poste·

143 897 249 963 rioriltus
258 895 457 962 Academicis
469 896 578 963 addita
588 899 670 981 sint,
680 898 782 963 multa
791 915 900 962 tamen
910 897 1006 962 etiam
1015 895 1178 984 prioribus

145 1001 303 1068 udeuacta
320 1019 354 1068 et
370 1003 404 1066 in
424 1003 554 1067 brevius
575 1020 686 1068 coacta
704 1025 791 1085 esse,
812 1004 859 1067 sic
874 1018 912 1067 ut
929 1002 963 1065 hi
983 1001 1180 1091 posteriores

145 1107 196 1172 libri
207 1107 289 1174 baud
304 1109 349 1173 ita
363 1109 472 1198 magni
487 1109 620 1175 fuerint
639 1111 699 1174 llis
713 1108 844 1173 additur
857 1108 1012 1197 temporis
1024 1107 1178 1188 brevitas,

146 1234 190 1300 qut
205 1215 292 1304 pauci
313 1216 366 1279 vel
389 1213 475 1299 dies,
499 1216 566 1297 vel,
585 1214 627 1279 ad
647 1236 830 1296 summum,
850 1211 1070 1279 hebdomades
1095 1213 1181 1276 inter

145 1320 280 1385 manlium
308 1321 430 1387 horum
455 1322 612 1386 librorum
639 1320 680 1387 ad
699 1322 878 1386 Varronem
903 1317 1180 1384 traducendorum

143 1440 243 1512 uptam
263 1442 298 1490 et
317 1442 484 1515 peractum
506 1429 774 1493 intercesserint:
798 1443 898 1516 prout
919 1426 1012 1503 facile
1036 1448 1075 1491 ex
1097 1426 1180 1507 XII,

144 1549 180 1615 ep.
191 1529 226 1609 45
242 1531 304 1619 (al
320 1533 407 1620 44),
424 1532 538 1597 collata
553 1556 630 1598 cunr
646 1532 790 1622 epistolis
806 1532 880 1596 libri
899 1532 981 1595 XIII
1001 1531 1181 1619 computari
1263 1523 1268 1539 ⁸

143 1631 217 1701 lent
245 1637 397 1726 Denique
430 1639 457 1702 si
485 1661 535 1728 ep.
560 1638 620 1722 32,
649 1637 765 1704 Catulo
789 1652 822 1702 et
847 1637 1001 1718 Lucullo,
1028 1636 1116 1700 libris
1140 1636 1181 1700 ad

143 1739 257 1806 Atticum
281 1742 406 1824 missis,
437 1766 521 1808 nova
546 1749 706 1832 pmoemt'a
732 1743 844 1809 addr'ta
873 1742 1040 1824 dicantur,
1069 1742 1184 1829 quibus

143 1863 221 1909 mur
240 1859 368 1935 uterque
386 1845 544 1929 laudetur,
569 1848 792 1938 accipiendum
815 1846 849 1911 id
871 1870 947 1912 cum
967 1847 1181 1934 Chapmanno

142 1947 186 2035 (οἱ
198 1950 290 2034 bnjus
304 1952 429 2018 dissert.
452 1954 601 2020 chronol.
618 1953 659 2019 de
676 1970 770 2019 aetate
783 1954 863 2018 libb.
878 1952 920 2017 de
935 1953 1032 2042 Legg.
1049 1975 1083 2040 p.
1100 1974 1142 2016 ao
1154 1951 1183 2038 );

142 2052 260 2140 ticesse,
279 2074 319 2122 ut
335 2059 441 2123 Catuli
459 2075 493 2122 et
508 2058 633 2123 Luculli
651 2059 841 2123 nominibus
858 2081 925 2123 non
942 2080 1105 2139 numano,
1124 2057 1182 2121 sed

139 2177 216 2242 getes
226 2161 387 2226 librorum
403 2161 603 2252 designetur,
615 2162 790 2250 iocoseque
802 2160 992 2226 Academica
1004 2161 1183 2248 posteriora

141 2268 391 2331 ommtvirorum
416 2268 623 2351 nominibus,
646 2291 684 2332 ex
707 2267 863 2332 diuturna
884 2267 1024 2329 auctoris
1044 2287 1183 2329 consue·

140 2368 242 2456 urdine,
255 2373 484 2461 insignientur,
497 2375 615 2462 quibus
629 2373 696 2438 duo
706 2373 780 2436 libri
789 2373 936 2460 priorum
948 2371 1050 2434 notati
1064 2386 1182 2449 essent.
1272 2352 1287 2391 ’

139 2469 230 2564 Neque
255 2500 294 2542 ex
319 2478 442 2542 ultimis
466 2479 527 2542 illis
555 2478 718 2543 Ciceronis
744 2477 850 2540 verbis
877 2496 1007 2539 necesse
1033 2496 1118 2556 esse,
1132 2490 1185 2539 'ut

141 2575 265 2665 butus,
280 2583 364 2647 liber
379 2582 510 2671 aliquis,
524 2583 655 2671 periisse
668 2580 838 2647 credatur:
853 2579 910 2645 sed
926 2581 1001 2644 satis
1015 2581 1105 2644 hunc
1118 2579 1183 2659 jam

137 2689 426 2753 commemoratione
444 2687 513 2767 ejus
531 2688 677 2776 pluribus
702 2688 736 2751 in
755 2687 891 2751 Lucullo
909 2687 988 2751 locis
1006 2685 1184 2769 honorifica

135 2786 199 2856 beu
213 2794 347 2858 laudari.

164 2897 353 2987 Multiplices
368 2898 437 2963 haec
455 2922 548 2963 ansas
565 2899 705 2982 babent,
725 2899 845 2987 quibus
863 2898 1022 2986 prehendi
1041 2899 1183 2985 possint,

133 3021 214 3087 quare
236 3003 317 3067 nibil
339 3019 405 3085 est,
431 3020 469 3067 ut
490 3002 532 3067 ad
553 3004 695 3093 singula,
722 3003 841 3091 quibus
865 3002 934 3066 haec
958 3019 1184 3089 exponuntur,

132 3103 369 3191 descendamus3
390 3132 493 3196 quum
511 3108 561 3173 vel
578 3109 619 3172 ad
636 3111 705 3174 haec
722 3110 849 3197 potiora
868 3106 967 3170 modo
987 3107 1183 3195 respondere

130 3209 216 3278 liceat
249 3217 358 3302 Atque
385 3215 527 3300 prirnum
559 3214 691 3301 quidem
716 3236 752 3277 ea
780 3212 1026 3299 consequentia,
1054 3237 1118 3300 qua
1145 3237 1184 3278 ex

129 3317 281 3385 Ciceronis
308 3321 415 3408 priora
434 3320 624 3385 Academica
652 3319 964 3413 delendilvoluntate
985 3317 1025 3382 ad
1050 3342 1087 3383 ea
1109 3342 1184 3384 vere

127 3419 218 3489 deleta
236 3425 453 3507 concluditur,
474 3442 688 3513 praeterquam
705 3424 796 3513 quod
815 3448 872 3514 per
891 3447 925 3489 se
943 3425 1100 3489 imbecilla
1117 3441 1182 3505 est,

126 3527 262 3615 pluribus
279 3531 377 3594 etiam
391 3531 571 3594 rationibus
585 3531 784 3619 infringitur.
799 3530 953 3593 Poterant
966 3529 1053 3592 enim
1064 3576 1073 3607 ,
1085 3529 1184 3591 inter·

125 3632 205 3724 lapso
219 3637 366 3726 plurium
379 3634 621 3701 hebdomadum
634 3652 797 3724 tempore,
815 3658 882 3698 non
898 3637 1002 3700 solum
1014 3635 1106 3721 plura
1118 3633 1184 3712 jam

124 3744 308 3831 exemplaria
324 3743 489 3806 divendita
506 3765 591 3824 esse,
614 3766 716 3830 quum
738 3742 921 3828 complures
940 3738 1025 3829 apud
1039 3739 1184 3804 Atticum

122 3842 233 3910 llbrarii
248 3848 280 3911 in
298 3847 349 3911 his
362 3846 582 3913 describendis
595 3863 848 3935 occuparentur:
863 3845 920 3908 sed
935 3844 1073 3907 nimium
1087 3846 1183 3909 etiam

121 3970 228 4017 auctor
238 3955 350 4019 Attico
366 3955 496 4036 tribuit,
515 3955 636 4042 quippe
653 3955 709 4042 qui
726 3976 764 4017 ex
781 3953 869 4016 libris
886 3949 925 4015 de
939 3951 1075 4015 Finibus
1087 3954 1184 4040 quin·

122 4072 187 4122 tum
212 4059 353 4141 librum,
380 4059 481 4123 invito
505 4060 677 4141 Cicerone,
703 4075 877 4144 antequam
897 4057 941 4122 illi
960 4056 1001 4121 ad
1028 4061 1182 4141 Brutum,
