2640 5214
176 848 222 921 36
547 845 875 918 INTRODUCTIO.

176 976 328 1039 columna
350 988 420 1034 esse
438 967 508 1055 (1):
533 992 632 1032 «nam
657 969 685 1031 si
706 968 906 1057 Chrysippus
930 990 998 1031 non
1021 967 1153 1051 fuisset,
1179 974 1278 1035 n0¹¹

177 1080 262 1144 foret
282 1076 393 1141 Stoa».
417 1075 534 1156 Hunc,
556 1074 605 1137 uti
628 1074 821 1137 Plutarchus
838 1073 886 1160 (a)
906 1073 1040 1155 scribit,
1062 1098 1132 1139 non
1154 1090 1282 1142 marl,

176 1184 233 1251 sed
264 1183 402 1247 deorum
431 1179 633 1270 providentia
666 1179 828 1267 quadam,
860 1180 958 1243 Stoici
989 1179 1144 1246 dicebant
1174 1182 1285 1272 poa‘·t

175 1287 349 1355 Arcesilam
362 1302 394 1350 et
405 1303 480 1350 ante
491 1283 689 1349 Carneadem
699 1283 857 1372 prodiisse
869 1307 876 1348 :
889 1307 1032 1372 quorum
1044 1285 1099 1351 ille
1115 1287 1288 1375 quidem

174 1394 298 1476 injuriae
328 1414 365 1456 ac
393 1390 598 1455 contumeliae
630 1390 782 1454 adversus
812 1389 1088 1457 cousuetudinem
1116 1394 1291 1459 initium

174 1499 280 1583 dedit;
301 1499 355 1562 hic
369 1520 446 1562 vero
466 1496 736 1561 Academicorum
752 1497 901 1561 omnium
918 1497 1151 1564 celeberrimus
1176 1500 1254 1565 fuit
1269 1540 1293 1556 -

175 1606 376 1695 Chrysippus
390 1603 489 1693 igitur
501 1627 605 1691 quum
622 1604 707 1666 inter
723 1618 901 1689 utrumque
912 1602 1104 1686 exstitisset,
1121 1604 1163 1668 iis
1177 1621 1298 1694 que

173 1711 324 1776 adversus
339 1709 513 1774 Arcesilam
527 1711 645 1798 scripta
659 1709 806 1796 reliquit,
819 1706 991 1772 Carneadis
1003 1709 1138 1799 ingenio
1150 1727 1302 1801 atque

172 1814 315 1880 acumini
327 1814 419 1902 quasi
428 1813 546 1876 vallum
559 1812 728 1900 opposuit,
741 1810 932 1898 aditumque
942 1812 1122 1899 praeclusit,
1135 1816 1305 1880 multis

171 1919 326 2010 presidiis
353 1919 444 2007 quasi
476 1919 511 1980 in
537 1916 743 1981 obsidionem
773 1917 922 1981 sensibus
951 1933 984 1981 et
1013 1920 1240 1986 consuetudin
1255 1916 1307 1982 i

172 2026 522 2111 relictis,tumultuque
530 2024 630 2100 omui,
641 2024 698 2112 qui
708 2023 928 2087 circanotitias
937 2024 1060 2087 oboriri
1068 2024 1310 2114 aliquande:

171 2148 296 2221 posset,
317 2130 453 2195 omnino
476 2128 622 2210 sublato,
646 2128 779 2218 singulis
797 2127 836 2191 iis
855 2128 1023 2219 correctis,
1045 2147 1195 2220 aptoque
1212 2152 1312 2198 at:

171 2240 304 2328 proprio
323 2238 396 2300 loco
415 2235 550 2324 positis:
573 2236 618 2299 ita
635 2251 674 2299 ut
692 2235 748 2323 qui
766 2235 883 2299 iterum
903 2236 936 2298 in
955 2251 1127 2323 posterum
1146 2240 1314 2305 rebuz

171 2346 236 2410 vim
251 2347 386 2425 inferre,
400 2365 519 2430 easque
527 2341 600 2407 loco
609 2343 728 2430 pellere
737 2341 1001 2431 aggrederentur,
1013 2343 1100 2407 nihil·
1106 2346 1232 2435 ampliu
1246 2363 1316 2405 :a

170 2466 318 2541 agerent,
337 2471 435 2538 quam
451 2464 489 2511 ut
505 2447 699 2536 deprehensi
716 2470 826 2535 poenas
843 2446 967 2512 darent.
989 2448 1066 2512 llaec
1086 2448 1192 2515 Stoici
1206 2450 1318 2516 dam

170 2557 367 2645 Chrysippo,
384 2554 497 2635 idest,
513 2555 654 2617 Hectore
668 2574 739 2616 suo.

218 2686 266 2729 11.
290 2663 334 2726 At
353 2660 535 2726 Academici
555 2660 651 2748 longe
673 2659 765 2722 aliter
784 2658 824 2722 de
846 2659 901 2722 illo
921 2659 1090 2723 sentiunt:
1115 2676 1318 2726 tantur-¹

170 2769 259 2834 enim
278 2769 390 2832 abesse
408 2790 483 2831 eum
501 2767 608 2845 aiunt,
627 2781 665 2827 ut
683 2765 831 2829 sensibus
849 2764 1150 2854 consuetudinique
1167 2769 1294 2833 sub-
1305 2795 1318 2808 ·

169 2875 289 2939 sidium
308 2871 469 2951 attulerit,
492 2886 530 2933 ut
550 2872 678 2958 potius,
696 2871 836 2959 imperiti
854 2871 972 2936 medici
995 2894 1103 2953 more,
1125 2876 1316 2939 moab-n

168 2979 252 3042 vires
269 2973 448 3054 addiderit,
470 2989 503 3037 et
520 2975 674 3054 majorem
693 2975 814 3040 lecerit.
839 2977 923 3040 Nam
940 2999 1043 3064 quum
1061 2977 1154 3043 iniis
1173 2991 1313 3069 qu&

168 3105 229 3171 pro
246 3080 393 3145 sensibus
412 3096 444 3144 et
457 3081 693 3145 consuetudine
709 3083 851 3170 scripsit,
868 3098 1042 3169 antequam
1059 3081 1102 3146 ad
1116 3083 1307 3165 object-2

168 3186 395 3277 responderet,
415 3186 484 3274 ipse
505 3188 601 3250 etiam
619 3188 720 3251 multa
740 3211 811 3276 quae
830 3189 952 3252 solvere
977 3210 1012 3251 se
1033 3188 1128 3254 facile
1148 3201 1304 3280 possd

168 3292 332 3383 sperabat,
352 3292 386 3354 in
410 3293 609 3356 contrarium
632 3310 776 3383 rogaret,
797 3292 913 3380 idque,
936 3309 974 3357 ut
994 3316 1062 3358 non
1086 3293 1298 3362 inferiore

168 3421 264 3486 quam
277 3398 433 3462 Arcesilas
449 3398 581 3487 iugenio
594 3420 663 3463 esse
678 3399 874 3480 crederetur,
890 3399 1093 3464 ambitiosius
1106 3399 1240 3468 faceret:
1271 3436 1291 3473 2

166 3506 314 3593 viresque
327 3505 360 3567 in
373 3526 444 3567 eam
456 3527 523 3567 rem
537 3504 581 3567 ita
595 3504 796 3586 intenderet,
808 3520 846 3568 ut
856 3528 922 3568 nou
932 3505 1038 3568 solum
1049 3494 1286 3597 philosophi

167 3633 259 3674 more
271 3610 410 3673 rationes
422 3627 618 3697 opponeret,
631 3608 688 3674 sed
700 3627 733 3674 et
745 3611 864 3674 rabulae
876 3611 909 3673 in
923 3610 1058 3674 modum
1071 3611 1277 3679 interdutrl

166 3716 400 3797 declamitaret3
414 3715 451 3778 iis
462 3717 641 3781 rationibus
656 3741 759 3805 quum
774 3718 883 3781 minus
897 3734 1009 3806 postea
1023 3718 1227 3787 satisfaceret
1243 3758 1273 3797 5

165 3821 342 3888 lectoribus
368 3842 436 3883 non
461 3821 551 3908 quod
571 3822 713 3906 volebat,
736 3822 959 3911 persuadebat.
984 3823 1051 3910 Ipsi
1073 3823 1181 3890 Stoici
1203 3826 1274 3892 de

166 3927 350 4017 Chrysippo
360 3925 541 4015 gloriantes,
549 3929 589 3992 ab
599 3951 638 3992 eo
647 3946 806 3994 armatum
815 3927 1016 3993 Carneadem
1022 3927 1068 4015 (3)
1080 3923 1265 4020 conqueri

165 4034 323 4099 solebant.
349 4033 473 4113 Quem,
496 4056 600 4119 quum
624 4035 796 4123 Chrysippi
820 4034 920 4098 libros
944 4035 1080 4123 legeret,
1106 4037 1260 4103 solitum

166 4139 272 4204 (licere
283 4139 390 4216 alunt,
403 4148 534 4218 Δαιμόνιι,
551 4148 628 4216 φθίσει
643 4169 671 4200 σι
686 4151 715 4202 τὸ
730 4151 770 4203 σὸν
788 4151 875 4221 μένος,
889 4139 998 4218 Miser,
1016 4153 1071 4202 tua
1085 4144 1267 4231 deperdet

201 4312 240 4381 (1)
258 4315 366 4362 Laertius
379 4314 405 4361 in
419 4314 576 4380 Chrysippo,
587 4314 632 4364 lib.
642 4317 706 4373 Vll,
724 4319 843 4375 sect.18,
863 4333 921 4382 pag.
935 4325 994 4380 479.

199 4404 239 4470 (a)
256 4405 293 4450 Dc
307 4402 477 4451 communibus
489 4404 591 4452 Notitiis
606 4404 662 4454 adv.
677 4405 787 4464 Stoicos,
801 4422 858 4470 pag.
873 4408 955 4469 1059,
968 4406 995 4454 b.
1087 4418 1090 4422 ’

200 4489 239 4556 (3)
258 4489 381 4539 Plutarch.
390 4490 421 4539 ds
431 4472 570 4540 §laicorum
581 4494 721 4542 contrariet.
730 4509 787 4558 pag.
800 4495 865 4543 1036
874 4530 882 4553 ,
891 4495 923 4554 b,
935 4505 959 4543 et
970 4498 1051 4544 laert.
1062 4494 1089 4542 in
1097 4497 1244 4559 Carneade,

163 4578 207 4627 lib.
221 4579 268 4637 w,
279 4588 336 4626 sect.
348 4580 379 4625 62
390 4614 398 4639 ,
409 4593 465 4641 pag.
476 4581 536 4625 263.
