2640 5214
204 798 252 882 to
570 742 908 862 INTRODUCTm.

205 913 363 982 memoria
384 912 532 1000 quaedam
553 929 587 977 et
608 912 789 978 recordatio
807 934 923 977 eorum
945 934 1017 999 quoe
1036 929 1210 1000 apparent,
1227 909 1291 976 vel

101 1053 103 1059 ¹
167 1108 170 1113 Α
205 1022 438 1111 qualicumque
461 1018 587 1083 ratione
606 1019 641 1082 in
664 1019 892 1107 cogitationem
915 1018 1070 1098 veniunt,
1096 1017 1280 1083 secundnm

205 1149 306 1216 quam
318 1126 426 1191 omnia
438 1125 592 1188 omuibus
605 1125 832 1206 conferuntur,
846 1140 879 1188 et
891 1139 1185 1212 comparataatque
1196 1125 1276 1188 inter

204 1256 240 1298 se
254 1232 433 1320 composita
447 1231 573 1295 inutilia
586 1231 679 1296 valde
693 1248 726 1295 et
742 1231 944 1295 confusionis
961 1231 1056 1319 plena
1070 1231 1272 1319 comperiun-

205 1355 260 1405 tur
268 1370 292 1402 υ.
304 1338 420 1402 Monet
430 1353 539 1402 autem
547 1338 621 1426 plus
631 1344 730 1424 quant
737 1361 806 1402 uno
814 1338 889 1401 loeo
899 1337 1013 1401 Sextus
1023 1335 1083 1425 (ι),
1094 1337 1268 1424 Scepticun

207 1445 342 1510 minime
360 1443 592 1532 phaenomena,
609 1443 645 1508 id
663 1460 729 1526 est,
750 1467 787 1508 ea
803 1467 875 1532 quae
892 1459 1049 1533 apparent
1065 1444 1269 1531 sensibusque
1312 1474 1314 1479 ·

207 1549 419 1630 objiciuntur,
436 1549 561 1613 tollere.
577 1549 746 1637 Namque,
763 1564 802 1612 ut
819 1549 880 1629 ait,
899 1548 1067 1637 Scepticus
1087 1548 1145 1629 iis,
1163 1549 1267 1635 quibus

206 1676 266 1744 per
287 1652 490 1742 phantasiam
509 1652 638 1741 cogitur
657 1652 759 1736 affici,
779 1653 962 1716 assentitur.
988 1652 1137 1739 Exempli
1161 1653 1266 1742 gratia,

207 1780 311 1847 quum
329 1755 448 1833 calefit,
463 1775 520 1821 aut
532 1757 667 1846 frigefit,
682 1779 889 1844 nequaquam
906 1755 1040 1838 dixerit,
1057 1757 1143 1821 Putu
1156 1780 1206 1820 me
1217 1779 1266 1820 non

205 1863 358 1952 calefieri,
373 1861 634 1951 aut,srigtfieri:
650 1861 708 1926 sed
723 1862 862 1926 dicimus
875 1862 1060 1950 Scepticum
1076 1861 1197 1950 dogma
1213 1885 1264 1926 non
1312 1876 1314 1941 Ι

205 1991 345 2057 ponere,
361 1992 401 2034 eo
418 1991 516 2032 sensu
530 1990 597 2055 quo
613 1965 730 2058 dogma
741 1969 891 2032 nonnulli
909 1990 978 2032 esse
992 1968 1099 2050 aiunt,
1112 1990 1264 2034 assensum
1309 1944 1314 2033 l

207 2072 249 2138 ad
268 2097 338 2138 rem
359 2073 500 2159 aliquam
522 2070 655 2136 dubiam
674 2089 707 2136 et
728 2072 884 2137 incertam
903 2095 1029 2154 earum,
1049 2071 1091 2136 de
1108 2073 1265 2160 quibusin

207 2178 349 2244 scientiis
371 2178 528 2265 quaeritur
550 2193 583 2240 et
603 2177 788 2265 ambigitur.
814 2177 904 2241 Nulli
918 2178 1016 2250 ⁴enim
1036 2178 1084 2241 rei
1099 2178 1228 2242 incertae
1242 2192 1266 2240 et
1309 2214 1314 2243 t

207 2301 424 2350 controversae
449 2283 623 2347 assentitur
647 2283 877 2372 Pyrrhonius3
903 2284 1019 2372 quaerit
1037 2282 1085 2370 (2)
1115 2300 1222 2350 autem
1242 2297 1266 2345 et

208 2389 344 2479 ambigit
359 2411 427 2453 non
443 2387 484 2452 de
500 2411 536 2451 ea
554 2410 606 2469 re,
625 2411 699 2476 quae
714 2405 864 2477 apparet,
881 2389 938 2453 sed
955 2388 995 2454 de
1007 2412 1047 2453 eo
1061 2389 1154 2477 quod
1165 2389 1266 2454 dieitur

209 2492 250 2559 de
274 2517 311 2560 re
334 2509 518 2582 apparente.
546 2494 675 2575 Veluti,
697 2496 940 2583 phaenomenon
964 2512 1032 2577 est,
1061 2495 1132 2559 Mel
1152 2509 1266 2583 gustum

208 2599 332 2665 dulcem
350 2601 440 2663 nobis
451 2601 617 2688 praebere;
637 2601 678 2665 de
694 2601 760 2666 hoc
779 2625 845 2664 non
864 2603 994 2689 quaerit,
1012 2601 1069 2666 sed
1088 2601 1130 2665 de
1147 2602 1218 2682 illo,
1234 2619 1267 2661 aa

209 2705 274 2771 mel
288 2706 381 2770 dulce
400 2708 459 2788 sit,
483 2706 575 2794 quod
593 2706 633 2770 ad
654 2706 813 2769 rationem
831 2723 863 2769 et
883 2707 1129 2795 intelligentiam
1151 2707 1266 2780 attinet,

209 2813 353 2902 ambigit.
388 2810 488 2893 Quod
515 2812 542 2873 si
569 2811 665 2874 etiam
692 2827 802 2897 aperte
829 2811 914 2875 circa
936 2812 987 2893 id,
1016 2811 1106 2899 quod
1132 2825 1266 2901 apparet,

209 2916 386 3006 aliquando
408 2915 603 3002 quaestiones
625 2933 750 2998 movet,
770 2940 837 2980 non
857 2918 902 2981 ita
923 2917 956 2981 id
979 2919 1053 2981 facit
1074 2920 1168 3005 quasi
1184 2937 1267 3007 appa·

209 3023 313 3087 rentia
332 3021 418 3085 ‘velit
445 3036 605 3102 evertere,
636 3021 693 3085 sed
715 3039 753 3086 ut
780 3021 1039 3111 dogmaticorum
1068 3025 1267 3088 temeritatem

210 3141 332 3216 arguat.
349 3126 382 3189 Si
401 3125 488 3188 enim
499 3124 661 3204 ejusmodi
677 3142 754 3190 sunt
766 3128 899 3191 rationis
914 3127 1123 3217 imposturae,
1138 3147 1177 3193 ut
1187 3130 1266 3194 etiam

210 3231 396 3321 apparentia
414 3247 541 3294 tantum
565 3253 632 3295 non
657 3232 759 3296 oeulis
783 3235 901 3297 nostris
920 3235 1089 3322 surripint3
1114 3231 1268 3323 quomodo

209 3339 244 3402 in
261 3337 391 3400 incertis
410 3353 591 3423 suspectam
611 3359 680 3400 eam
696 3338 816 3402 habere
836 3362 904 3402 non
921 3339 1115 3421 debeamus,
1133 3363 1194 3423 ne,
1211 3357 1268 3404 eam

210 3457 401 3532 sequentes,
418 3442 453 3505 in
471 3443 684 3507 temeritatem
700 3443 868 3508 labamur?
882 3445 940 3508 Est
954 3461 1062 3512 autem
1077 3445 1270 3511 animadver-

211 3549 303 3613 sione
323 3565 355 3613 et
376 3550 586 3612 annotatione
608 3549 795 3640 dignissima
817 3551 996 3615 admonitio
1019 3552 1105 3632 haec,
1130 3575 1199 3617 non
1223 3569 1270 3640 pro

212 3654 389 3743 Pyrrhonis
404 3654 522 3735 modo,
539 3654 596 3720 sed
611 3657 728 3743 potiori
741 3658 836 3721 etiam
851 3659 975 3721 ratione
991 3681 1051 3745 pro
1069 3658 1270 3725 Academicis·

211 3762 319 3826 «Nam
341 3776 374 3825 et
393 3760 591 3826 Academicis
610 3763 729 3849 placuit
754 3764 821 3849 (ait
843 3766 881 3828 D.
903 3765 1105 3852 Augustinus
1122 3763 1199 3852 (3))
1222 3781 1273 3829 nec

209 3867 337 3932 homini
350 3867 516 3930 scientiam
527 3889 623 3954 posse
639 3869 829 3958 contingere
845 3893 957 3933 earum
971 3868 1140 3934 dumtaxat
1155 3891 1273 3944 rerum,

163 4040 165 4045 Α
209 3996 281 4062 quta
310 3972 352 4038 ad
384 3972 623 4061 philosophiam
651 3975 832 4063 pertinent3
866 3999 940 4041 nam
971 3993 1077 4041 cetera
1106 4000 1222 4044 curare
1246 3991 1276 4039 se

211 4078 391 4144 Garneades
409 4078 567 4168 negabat,
588 4097 649 4146 etc.
661 4111 674 4136 ι·

246 4342 286 4409 (1)
305 4347 438 4413 Hypotyp.
451 4348 494 4397 lib.
510 4350 539 4408 1,
552 4364 609 4412 cap.
621 4366 645 4409 7,
659 4360 717 4397 sect.
733 4351 780 4413 13,
793 4367 850 4415 pag.
865 4361 890 4409 4.

244 4430 283 4496 (a)
300 4435 399 4493 Sextus,
414 4438 547 4501 Hypotyp.
560 4435 605 4484 lib.
618 4439 646 4495 1,
665 4453 720 4501 cap.
733 4452 776 4496 ro,
789 4449 847 4487 sect.
858 4454 890 4502 19
904 4451 928 4490 et
942 4456 991 4504 ao,
1009 4458 1066 4507 pag.
1076 4443 1101 4491 6,

244 4518 283 4584 (3)
302 4520 426 4570 Adversus
437 4523 515 4572 send.
528 4524 571 4573 lib.
586 4527 625 4585 11,
647 4540 700 4589 cap.
712 4521 743 4586 5,
756 4525 772 4590 S
785 4543 827 4588 rr,
836 4539 896 4576 tom.
906 4533 925 4577 1.
