2640 5214
403 393 730 465 INTRODUCTIO.
1081 397 1103 468 3

71 534 177 601 qurum
201 535 297 581 causa
318 514 416 579 unios
439 514 500 579 hos
523 515 624 580 libros
646 516 691 579 ita
713 530 855 580 mutatos
876 515 973 582 edere
993 518 1104 584 Attico

69 618 141 685 rideri
151 621 259 692 voluit
277 618 342 684 sed
355 641 398 683 ne
411 617 492 708 quid
503 619 600 721 nobis
612 619 816 710 preripuisse
827 620 1005 705 videamur,
1018 641 1106 688 certa

67 725 180 812 quodam
198 725 249 793 ria
267 722 480 814 ingredienda
497 740 565 807 est,
582 748 646 815 qua
664 727 806 814 primum
823 727 894 792 loca
912 750 966 810 ea,
985 729 1105 817 quibus

65 829 332 897 lneconuorersia
346 829 473 912 nititur,
482 831 690 921 colligemus:
704 831 749 896 ita
760 854 828 897 non
840 833 945 897 solum
959 833 1107 899 breviore

63 938 160 1007 ntione
171 937 321 1003 virorum
331 934 506 1001 doctorum
515 936 683 1000 sententie
693 937 729 1001 in
743 959 878 1003 censum
887 939 1105 1022 vocabuntur,

62 1042 102 1107 ted
121 1044 222 1109 tutius
249 1041 347 1107 etiam
372 1057 405 1109 et
428 1040 575 1127 firmius,
602 1042 681 1131 quid
696 1044 886 1133 nosmetipsi
898 1045 1108 1112 statuendum

61 1165 208 1236 putemus,
225 1147 342 1228 subjici
359 1147 480 1214 licebit.

91 1253 213 1321 Miserat
230 1254 331 1342 igitur
352 1254 468 1319 Cicero
485 1253 633 1342 priorum
651 1253 938 1338 Academicorum,
956 1257 978 1322 i.
997 1280 1025 1321 e.
1043 1259 1106 1323 Car

61 1360 142 1425 tulum
155 1375 188 1424 et
199 1359 389 1441 Lucullum,
401 1358 520 1439 libros,
532 1357 573 1423 ad
590 1359 754 1442 Atticum,
767 1360 824 1449 qui
834 1360 874 1425 ab
887 1360 951 1425 lroc
961 1362 1108 1452 depingi,

61 1462 261 1554 divulgarique
281 1478 501 1531 curarentur:
527 1486 632 1550 quum
657 1464 802 1541 Atticus,
827 1465 937 1553 aliquo
963 1481 1109 1556 tempore

61 1586 129 1655 post,
147 1568 240 1635 illum
263 1585 430 1650 moneret,
452 1579 593 1638 tomo
614 1569 812 1651 Varronem,
836 1585 870 1634 et
891 1568 1110 1650 desiderum

63 1674 194 1741 Cicerone
208 1673 385 1747 librumex
399 1673 456 1755 iis,
475 1695 558 1763 quos
576 1691 805 1763 componeret,
821 1675 882 1763 ipsi
898 1676 1111 1766 inscriptum;

63 1783 230 1871 mgnique,
245 1779 281 1844 id
295 1780 322 1845 si
335 1780 467 1862 fecerit,
482 1781 582 1846 istum
599 1803 668 1845 esse
683 1782 927 1846 estimaturum.
945 1785 994 1848 Cf.
1009 1785 1114 1870 XIIl,
1180 1839 1185 1849 .

63 1908 100 1974 tp.
117 1910 169 1969 sa,
190 1886 244 1953 cll.
265 1884 322 1968 13,
347 1886 386 1955 18
407 1900 440 1952 et
462 1909 511 1972 ¹9·
535 1886 668 1969 Quare
687 1888 831 1976 cognita,
852 1888 984 1972 Cicero,
1003 1913 1108 1979 quum

64 1989 381 2073 librosdeFinibus,in
389 1991 509 2080 quibus
521 1990 699 2055 scribendis
713 1995 963 2078 quummaxime
975 2017 1111 2085 occupa·

64 2094 148 2178 butor,
157 2097 307 2178 ejusdem
319 2096 416 2165 Attici
428 2094 566 2163 oonsilio
579 2098 681 2160 Bruto
696 2095 937 2185 despondisset,
949 2117 982 2164 et
994 2125 1110 2190 parum

64 2201 107 2289 ipsi
120 2203 183 2269 haee
196 2202 389 2274 Academico
404 2203 623 2268 satisfacerent
634 2225 643 2283 3
659 2200 700 2266 ad
717 2199 904 2290 relingenda
917 2228 953 2269 ea
965 2208 1110 2273 animum

65 2305 96 2370 ita
104 2310 238 2398 appulit,
254 2323 293 2373 ut
300 2308 456 2376 Varronis
467 2330 606 2396 persona
619 2329 734 2371 eorum
746 2307 889 2371 sermoni
901 2308 1109 2375 intexeretur.

64 2413 100 2477 u.
114 2416 210 2496 Xlll,
228 2437 280 2504 ep.
301 2437 361 2481 12:
382 2444 395 2470 ι
407 2414 493 2503 Ergo
508 2413 595 2477 illam
613 2414 794 2492 Ᾰιαδιμαὴν,
811 2412 846 2477 in
863 2436 927 2501 qua
942 2415 1110 2501 homines,

64 2518 167 2584 nobiles
185 2519 231 2585 illi
246 2517 398 2606 quidem,
420 2516 477 2582 sed
493 2518 583 2582 nullo
600 2516 700 2582 modo
716 2516 890 2606 philologi,
907 2519 1002 2584 nimis
1016 2539 1111 2587 acute
1252 2572 1254 2576 -

64 2621 235 2711 loquuntur,
247 2623 289 2688 ad
299 2624 479 2689 Varronem
491 2623 870 2690 transferamus.'Etenim
883 2642 961 2690 sunt
969 2627 1111 2705 Αντιόχιια,

65 2752 119 2816 que
137 2733 195 2796 iste
209 2729 302 2795 valde
321 2730 448 2818 probat„
471 2731 588 2795 Catulo
604 2747 636 2794 et
649 2730 786 2796 Lucullo
801 2731 877 2795 alibi
896 2755 1110 2819 reponemus:

63 2832 96 2898 ita
106 2851 228 2916 tamen,
241 2835 269 2899 ei
282 2851 320 2914 tu
332 2834 396 2901 hoc
407 2833 539 2922 probos3
554 2832 660 2921 deque
671 2857 711 2898 eo
724 2834 804 2899 mihi
818 2836 973 2900 rescribas
985 2839 1112 2904 velim».

64 2937 138 3015 Idem
160 2963 227 3005 non
253 2939 358 3003 multo
376 2954 522 3026 ternpore
544 2955 637 3026 post,
652 2961 702 3027 ep.
725 2938 787 3002 13:
807 2970 819 2995 ι
839 2941 1032 3005 Commotus
1051 2945 1114 3008 tuis

64 3041 160 3126 literis,
171 3043 262 3133 quod
273 3042 314 3108 ad
327 3065 379 3107 me
392 3041 433 3106 de
441 3043 586 3107 Varrone
595 3043 781 3132 scripseras,
796 3059 895 3109 totam
908 3046 1113 3135 Academiam

63 3148 291 3215 abhominibus
307 3148 515 3213 nobilissimis
531 3147 666 3230 abstuli,
684 3149 897 3237 transtulique
910 3148 951 3215 ad
965 3169 1113 3219 nostrum
1241 3234 1244 3239 Ι

64 3254 208 3336 wdalem,
222 3271 256 3319 et
271 3277 311 3319 ex
325 3252 455 3317 duobus
469 3253 558 3319 libris
571 3253 694 3318 contuli
706 3253 740 3316 in
757 3270 917 3340 quatuor:
929 3256 1115 3344 grandiores

65 3378 126 3425 suut
140 3361 292 3441 omnino,
309 3382 408 3448 quarn
424 3374 516 3422 erant
532 3358 593 3439 itli;
611 3358 667 3424 sed
684 3375 791 3423 tamen
810 3362 910 3424 multa
929 3360 1113 3430 detracta...

66 3463 136 3529 libri
153 3466 287 3554 quidem
305 3466 349 3537 ita
365 3465 513 3528 exierunt
530 3464 615 3549 (nisi
632 3464 716 3533 sorte
734 3488 785 3530 me
802 3469 987 3533 communis
1002 3481 1117 3548 φιλαυτία

66 3567 169 3660 decipit
182 3573 212 3657 ),
232 3587 271 3636 ut
287 3571 323 3633 in
339 3570 393 3635 tali
411 3592 530 3658 genere
548 3592 590 3633 ne
607 3567 694 3657 apud
713 3569 842 3634 Grecos
863 3570 996 3658 quidem
1014 3573 1117 3637 simile

66 3676 240 3766 quidquam.
256 3676 311 3741 Tu
324 3675 410 3740 illam
423 3675 581 3754 jacturam
595 3675 678 3738 feres
691 3697 787 3761 oequo
799 3676 926 3758 animo,
944 3676 1034 3763 quod
1048 3677 1116 3762 illa,

66 3802 124 3868 qun
131 3784 230 3848 habes
241 3781 283 3855 de
294 3780 492 3858 Academicis
508 3780 573 3866 (sc.
587 3779 809 3868 exemplaria),
822 3781 942 3847 frustra
958 3780 1118 3872 descripta

66 3906 149 3954 sont:
168 3889 274 3954 multo
294 3906 401 3952 tamen
421 3887 489 3951 lraec
507 3903 604 3950 erunt
622 3885 856 3974 splendidiora,
874 3886 1037 3969 breviora,
1054 3912 1121 3955 me-

66 3989 163 4059 liora».
182 3994 349 4082 Descripta
362 3992 428 4071 jam
444 3992 562 4057 horum
581 3990 626 4059 lv
644 3991 803 4054 librorum
821 3992 1012 4079 exemplaria
1029 4013 1121 4062 erant

65 4118 105 4190 tp.
116 4106 171 4182 14:
187 4133 200 4159 ι
211 4098 299 4166 lllud
309 4099 407 4165 etiam
416 4114 514 4185 atque
525 4097 623 4162 etiam
635 4095 819 4160 consideres
833 4095 944 4179 velim,
958 4099 1122 4187 placeatne
