2678 4800
134 333 179 405 38
295 303 298 311 “
497 336 826 406 innnouucno.

129 457 234 540 Nam,
260 472 297 521 ut
324 479 365 520 ex
391 455 432 520 D.
460 457 642 545 Augustino
667 456 713 546 (ι)
743 457 893 546 colligere
922 470 987 537 est,
1015 451 1201 520 Academici

129 570 300 654 rapiemem
323 579 355 627 et
378 561 502 626 beatum
520 564 673 630 beatitate
694 587 748 646 ea,
768 586 841 651 quta
863 561 989 627 homini
1010 563 1204 652 contingere

128 672 248 759 possit,
264 690 340 733 eum
353 668 527 756 putabant,
543 698 557 727 a
569 672 628 760 qui
642 690 756 736 verum
774 685 949 758 quaereret,
967 667 1043 734 licet
1056 667 1092 732 id
1108 690 1204 734 num·

128 763 228 864 quam
249 773 487 862 apprehendat,
512 773 570 839 sed
594 775 854 864 probabilitatem
879 790 1036 862 sequatur
1051 795 1082 838 n:
1108 773 1205 839 beate

130 882 219 947 enim
238 880 345 943 vivere
364 901 441 943 eum
463 879 571 963 aiunt,
595 882 653 968 qui
676 879 857 946 secundum
880 879 1040 943 rationem
1060 879 1147 943 vivat
1162 879 1203 943 ab

128 1009 239 1053 errore
251 985 344 1050 liber.
365 986 466 1050 Error
477 1003 587 1051 autem
602 987 663 1052 illis
681 1004 747 1070 est,
763 988 831 1052 veti
846 985 893 1075 (2)
911 1007 972 1075 pro
987 985 1067 1050 falso
1085 978 1204 1074 appro-

130 1093 248 1159 batio:
277 1116 297 1156 a
321 1113 390 1179 quo
418 1092 494 1156 eatis
518 1114 553 1156 se
577 1115 709 1158 securos
735 1108 853 1182 putant
877 1092 957 1156 nihil
979 1090 1204 1180 approbando.

130 1199 250 1288 Magna
263 1213 373 1262 autem
390 1196 478 1286 apud
494 1221 564 1281 nae,
578 1199 675 1264 etiam
693 1200 726 1263 in
741 1197 948 1280 hujusmodi,
963 1196 1140 1286 Augustini
1156 1213 1207 1265 est

132 1304 327 1369 auotoritas:
349 1302 499 1369 existimo
517 1306 606 1369 enim
628 1305 739 1369 omnia
757 1325 830 1393 quac
847 1304 888 1368 ab
905 1300 959 1368 illo
976 1303 1019 1368 de
1034 1300 1205 1368 Academi·

133 1433 248 1474 corum
278 1410 462 1498 disciplina,
492 1411 526 1474 in
553 1411 652 1475 libris
671 1432 755 1498 quos
787 1410 939 1475 adversus
971 1432 1027 1474 eos
1057 1410 1206 1499 scripsit,

133 1532 443 1598 commemorantur,
458 1539 498 1580 ex
513 1517 558 1581 Μ.
577 1516 674 1581 Tullii
687 1516 795 1598 libris,
814 1517 872 1604 qui
890 1536 957 1579 non
974 1531 1118 1598 exstant,
1137 1534 1207 1580 esee

134 1621 314 1712 desumpta
330 1622 561 1686 Verumtamen
578 1645 616 1686 ea
631 1623 757 1687 ratione
766 1622 931 1711 probabile
945 1622 1036 1710 requi
1044 1634 1205 1709 oportere,

134 1727 291 1792 Arcesilas
313 1726 420 1792 dicere
435 1728 560 1814 potuit,
582 1749 646 1815 qua
666 1728 804 1816 Sceptici
822 1728 917 1791 etiam
935 1728 996 1815 ipsi
1011 1737 1156 1801 πιίοωοαι,
1174 1726 1208 1791 id

134 1849 201 1913 eat,
208 1832 396 1920 persucrwi
410 1856 460 1914 se,
479 1849 535 1898 aut
549 1832 716 1921 quidpiam
730 1833 792 1896 sibi
805 1833 936 1921 probari
953 1832 1084 1914 dicunt,
1102 1850 1208 1920 quum

135 1938 325 2026 simpliciter
336 1937 369 2001 id
380 1937 470 2026 quod
480 1955 628 2027 apparet,
640 1938 711 2004 sine
722 1938 907 2003 vehementi
918 1939 1024 2028 aliqua
1035 1938 1209 2002 affectione

135 2059 193 2107 aut
205 2043 305 2108 animi
318 2045 553 2133 propensione,
566 2061 763 2133 sequuntur,
778 2053 817 2109 'ut
832 2067 875 2109 ne
890 2045 971 2108 nihil
985 2058 1101 2132 agant:
1116 2043 1210 2131 quod

136 2150 224 2215 idem
240 2152 356 2216 Sextus
367 2150 414 2238 (3)
430 2152 551 2216 scribit.

288 2396 305 2468 S
328 2389 387 2451 Ill.
411 2387 460 2447 De
478 2386 596 2473 Scepsi,
612 2390 674 2448 sive
693 2384 940 2468 Pyrrdomhrum
961 2400 1058 2449 secta.

186 2604 236 2668 13.
256 2600 346 2685 Quid
367 2618 475 2666 autem
496 2600 635 2690 Scepsis,
659 2605 794 2693 ipsaque
814 2598 993 2692 Pyrrhonis
1012 2603 1163 2667 doctrina
1178 2620 1213 2668 et

137 2708 299 2774 institutio
318 2706 376 2790 sit,
394 2709 452 2772 etsi
471 2730 521 2773 res
538 2708 701 2797 postulare
722 2700 888 2785 videatur,
909 2725 981 2773 uta
998 2708 1213 2798 nobisexpo-

138 2830 252 2896 natur3
266 2829 375 2878 tamen
390 2837 493 2902 quum
512 2816 600 2879 Sexti
618 2814 791 2905 Pyrrhonii
805 2816 1037 2880 commentaria
1057 2814 1213 2879 omnibus

138 2940 204 3009 pne
224 2918 375 2984 manibus
399 2921 481 3001 sint,
506 2944 545 2984 ex
568 2921 687 3009 quibus
709 2918 774 2984 hoc
798 2919 928 2984 abunde
949 2919 1042 2984 liceat
1061 2920 1213 3001 haurire,

139 3040 238 3114 etque
248 3026 271 3089 ii
283 3027 337 3115 qui
351 3048 419 3090 non
432 3025 513 3091 adeo
526 3028 667 3091 vacarint
676 3044 714 3091 ut
723 3026 775 3090 illa
784 3027 964 3117 perlegant,
975 3051 1014 3091 ex
1024 3027 1152 3090 Laertio
1163 3026 1214 3117 (4)

140 3130 314 3197 commode
341 3126 376 3196 id
406 3150 521 3221 capere
548 3133 692 3222 possint,
720 3156 787 3197 non
823 3156 941 3222 magno
966 3133 1044 3197 vitio
1069 3156 1087 3196 a
1114 3133 1214 3196 nobis

139 3237 396 3304 omitterentur:
421 3238 479 3303 sed
501 3239 574 3326 quia
602 3258 670 3301 non
695 3239 832 3302 omnino
858 3239 928 3302 sine
951 3239 1048 3321 vitio;
1071 3238 1214 3303 brevitet·

138 3343 322 3408 universam
332 3344 489 3432 Scepscos
497 3345 656 3407 rationem
669 3345 926 3433 perstringemus
936 3364 944 3408 ε
954 3344 1006 3408 vel
1014 3344 1214 3433 praestiterit,

139 3448 326 3532 a'l'imone,
346 3448 524 3538 Pyrrhonis
541 3449 642 3537 ipsius
660 3447 837 3538 discipulo,
851 3450 917 3529 jam
934 3451 1012 3515 olim
1031 3450 1065 3515 in
1079 3451 1214 3515 brevem

174 3703 212 3767 (t)
230 3705 356 3752 Adversus
367 3702 483 3751 Academ.
494 3705 520 3761 1,
534 3719 556 3761 1,
568 3720 598 3765 a,
613 3713 629 3760 4
647 3704 683 3769 (et
695 3714 746 3753 tum
761 3705 865 3752 mxime
879 3720 934 3769 cap.
954 3705 985 3767 3,
999 3701 1069 3768 37),
1084 3707 1177 3753 tomi.

175 3791 216 3857 (a)
234 3792 275 3840 Sic
289 3794 315 3839 iu
329 3791 436 3840 editione
451 3793 544 3856 prima:
559 3792 601 3840 sed
615 3793 668 3855 lege
683 3794 796 3851 omnino,
810 3792 882 3841 «salai
898 3808 1017 3858 provere
1033 3792 1212 3858 approbatio».

139 3881 290 3929 Doeanuns.

178 3966 216 4029 (3)
233 3970 367 4032 Hypotyp.
380 3968 424 4018 lib.
435 3972 460 4028 1,
472 3986 527 4034 cap.
539 3970 582 4018 33.

174 4055 215 4120 (4)
229 4059 258 4103 In
272 4056 406 4120 Pyrrhonis
420 4058 469 4106 vita
477 4092 485 4115 ,
505 4074 560 4123 pag.
574 4059 626 4107 580
637 4069 663 4108 et
675 4072 726 4122 seq.
